2850 4284
411 332 534 394 104
1180 321 1293 374 ON
1340 321 1500 374 OLD
1543 321 1708 373 AGE

481 486 563 536 Ne
588 484 736 549 sint3
778 497 884 535 non
925 485 1086 535 sunt:
1131 480 1224 534 the
1268 480 1442 533 MSS.
1474 497 1611 550 vary
1642 480 1872 551 greatly,
1910 481 2021 534 and
2062 500 2171 536 non
2210 492 2347 538 sunt
2381 483 2486 537 has

399 573 669 627 excellent
710 582 944 641 support
989 572 1132 625 from
1175 571 1343 624 them.
1419 573 1531 623 But
1571 572 1664 624 the
1710 580 1935 625 context
1976 573 2358 644 imperatively
2398 574 2489 627 de-

398 665 598 719 mands
619 681 689 717 ne
707 666 837 717 sint.
893 663 982 717 Cf.
1008 664 1229 731 Knapp,
1254 663 1621 733 Proceedings
1639 665 1712 733 os
1723 662 1815 716 the
1839 662 1918 715 A.
1940 662 2013 715 P.
2033 661 2112 713 A.
2142 662 2297 734 1898,
2324 679 2380 731 p.
2410 663 2485 716 vi.

399 903 493 932 sne.
533 904 572 932 1..
606 867 814 931 1„Nx-:w
843 865 1099 913 Em‘rioN
1393 862 1643 911 MULLER
1960 866 2086 913 OLD
2113 865 2371 913 ED1T1oN

399 959 473 1015 35
523 964 589 1013 15
612 969 641 1014 δ
710 972 833 1014 sunt
893 978 902 987 ·
1261 964 1364 1012 sint
1909 971 2031 1012 sunt

399 1043 475 1098 36
523 1047 590 1096 15
616 1052 671 1097 16
708 1047 999 1097 exercendo
1264 1046 1555 1095 exercendo
1909 1046 2243 1095 exercitando

523 1130 589 1179 15
615 1136 668 1182 17
706 1132 805 1181 hos
1264 1129 1362 1178 hos
1909 1129 2011 1178 hoc

399 1210 476 1266 37
524 1214 590 1263 15
613 1220 673 1264 29
709 1230 823 1263 mos
849 1214 1047 1278 patrius
1261 1213 1459 1277 patrius
1486 1228 1599 1265 mos
1908 1228 2024 1262 mos
2048 1212 2245 1277 patrius

400 1293 475 1347 38
523 1297 589 1346 15
612 1303 669 1347 31
708 1298 1004 1362 mancipata
1262 1296 1589 1360 emancipata
1909 1296 2205 1360 mancipata

482 1434 830 1498 Hancipata3
886 1432 1263 1496 emancipata:
1312 1429 1405 1482 the
1450 1429 1624 1482 MSS.
1665 1427 1827 1481 favor
1866 1430 2208 1498 mancipata,
2250 1428 2376 1492 and,
2418 1428 2489 1481 al-

400 1524 614 1593 though
645 1523 806 1576 other
836 1539 995 1575 cases
1027 1521 1088 1575 of
1123 1522 1234 1574 this
1269 1537 1367 1574 use
1399 1521 1458 1571 in
1491 1521 1691 1573 Cicero
1724 1537 1816 1573 are
1849 1518 2129 1585 doubtful,
2158 1520 2200 1573 it
2231 1520 2280 1572 is
2312 1520 2489 1573 found

401 1614 458 1667 in
482 1613 680 1668 earlier
705 1614 817 1667 and
844 1614 902 1665 in
928 1613 1067 1666 later
1091 1613 1348 1688 writers&
1377 1613 1576 1665 Moore
1606 1619 1866 1681 suggests
1893 1611 2015 1664 that
2042 1611 2085 1664 it
2109 1627 2238 1681 may
2266 1610 2336 1664 be
2364 1627 2489 1664 con-

400 1706 588 1759 scious
615 1704 910 1759 archaism.

673 1920 819 1965 an
847 1918 1106 1965 Enrrxon
1392 1914 1644 1963 Minuta
1961 1916 2087 1963 OLD
2115 1915 2371 1962 Em‘rion

523 2017 593 2066 16
614 2022 666 2066 11
705 2016 804 2065 hae
1261 2014 1390 2063 haec
1910 2013 2009 2062 hae

399 2094 475 2150 41
522 2099 589 2149 17
614 2105 671 2149 19
704 2099 910 2163 longior
1261 2097 1592 2161 longinquior
1910 2095 2117 2159 longior

468 2176 554 2220 See
577 2180 684 2219 note
707 2188 768 2218 on
789 2178 887 2218 text

398 2251 474 2307 42
524 2258 590 2308 17
613 2264 670 2309 27
706 2272 930 2323 quorsus
1259 2271 1484 2320 quorsus
1908 2269 2160 2318 quorsum

523 2341 589 2391 17
611 2347 668 2392 27
706 2342 806 2390 hoc
1259 2339 1361 2388 hoc
1908 2338 2039 2386 haec

522 2425 589 2475 17
611 2430 672 2475 29
707 2440 822 2473 esse
851 2422 1147 2472 habendam
1260 2421 1560 2471 habendam
1585 2436 1701 2470 esse
1910 2436 2027 2469 esse
2054 2420 2350 2470 habendam

398 2501 474 2557 44
524 2508 671 2557 1828
708 2522 933 2571 quorsus
1263 2520 1489 2569 quorsus
1906 2520 2158 2567 quorsum

523 2590 591 2639 19
609 2595 636 2641 7
708 2591 871 2639 Marci
896 2590 1060 2638 filium
1260 2590 1331 2637 M.
1356 2589 1393 2637 f.
1912 2588 2076 2637 Marci
2100 2587 2264 2635 filium

524 2673 592 2722 19
609 2679 639 2723 9
705 2689 858 2722 cereo
1258 2688 1412 2721 cereo
1908 2671 2091 2720 crebro

398 2749 476 2806 47
522 2756 590 2805 20
615 2761 669 2805 11
707 2756 1034 2805 desideratur
1265 2756 1580 2804 desideratio
1912 2753 2237 2802 desideratur

520 2839 591 2888 20
614 2845 670 2889 14
706 2839 927 2888 libenter
951 2855 1075 2887 vero
1263 2839 1485 2888 libenter
1508 2854 1633 2887 vero
1912 2853 2012 2901 ego
2037 2852 2162 2886 vero

520 2924 589 2972 20
615 2929 671 2973 19
704 2925 805 2973 hoc
847 2939 950 2971 non
995 2922 1192 2971 deside·
1261 2923 1361 2971 hoc
1386 2938 1493 2970 non
1520 2921 1816 2971 desiderare
1908 2937 2003 2969 om.
2030 2920 2131 2969 hoc

767 3023 878 3056 rare

397 3085 473 3141 49
520 3091 591 3140 20
613 3097 672 3141 29
706 3091 1108 3141 contentionum
1259 3089 1617 3137 contentionis
1908 3086 2309 3135 contentionum

526 3175 592 3224 21
617 3180 646 3224 2
704 3175 1013 3225 videbamus
1267 3173 1429 3227 †mori
1455 3171 1761 3221 videbamus
1912 3169 2221 3219 videbamus

398 3253 471 3307 51
519 3257 585 3306 21
611 3264 669 3307 30
705 3274 801 3307 nec
829 3258 1074 3321 cuiquam
1259 3271 1356 3304 nec
1382 3270 1632 3319 umquam
1908 3268 2004 3302 nec
2030 3253 2274 3316 cuiquam

397 3336 471 3390 52
519 3341 590 3389 22
613 3346 669 3390 13
707 3341 998 3406 requietem
1261 3339 1494 3403 requiem
1908 3336 2197 3400 requietem

397 3418 472 3473 55
520 3424 590 3472 23
613 3430 671 3473 20
707 3441 770 3474 ea
1262 3424 1392 3471 haec
1910 3435 1974 3468 ea

518 3506 589 3556 28
609 3512 667 3557 25
707 3508 1134 3572 triumphavisset
1263 3505 1637 3570 triumphasset
1906 3500 2335 3566 triumphavisset

398 3587 473 3641 56
520 3591 593 3640 24
615 3596 672 3640 14
709 3608 867 3656 quam
1261 3591 1322 3637 de
1346 3606 1451 3653 qua
1908 3602 2067 3651 quam

400 3670 474 3725 58
521 3675 592 3723 24
614 3679 669 3723 31
707 3674 806 3723 sibi
842 3673 1071 3722 habeant
1103 3674 1190 3738 igi·
1257 3673 1358 3722 sibi
1381 3672 1610 3721 habeant
1633 3671 1792 3735 igitur
1906 3668 2006 3719 sibi
2030 3668 2186 3733 igitur
2209 3666 2439 3715 habeant

767 3764 850 3805 tur
