2850 4284
418 321 494 363 1x.
517 307 604 378 27]
835 307 1004 364 THE
1052 305 1496 364 STRENGTH
1544 305 1649 362 OF
1694 305 1855 362 OLD
1905 305 2082 360 MEN
2422 317 2492 365 11

418 475 509 538 Et
546 474 752 537 multa
789 473 1070 536 fortasse
1110 491 1275 553 quae
1313 471 1487 534 'voltl
1535 479 1732 553 atque
1771 470 1837 532 in
1877 489 1953 532 ea
1991 489 2154 552 quae
2194 488 2325 531 non
2364 468 2499 531 volt

416 602 610 664 saepe
653 582 848 644 etiam
893 579 1336 642 adulescentia
1376 579 1665 641 incurrit.
1739 578 1910 640 Illud
1947 597 2101 639 vero
2138 578 2308 639 idem
2345 577 2503 639 Cae-

415 691 600 754 cilius
647 689 979 753 vitiosius:

680 864 827 915 Tum
854 861 1114 932 equidem
1142 862 1200 914 fn
1227 869 1455 915 senecta
1482 859 1590 914 hoc
1618 860 1824 930 deputo
1849 859 2233 924 miserrimum,

681 955 900 1009 Sentsre
927 970 996 1007 ea
1023 961 1206 1007 aetate
1233 953 1461 1022 eumpse
1488 969 1610 1006 esse
1638 953 1894 1005 odiosum
1921 951 2095 1004 alteri.
2574 961 2600 1014 5

417 1134 514 1189 26.
557 1124 923 1187 Iucundum
973 1123 1190 1204 potius
1234 1142 1426 1205 quam
1477 1122 1811 1184 odiosum!
1887 1121 1985 1183 Ut
2032 1120 2208 1183 enim
2254 1119 2503 1182 adules-

417 1231 717 1296 centibus
779 1231 950 1294 bona
1012 1231 1226 1293 indole
1289 1230 1597 1312 praeditis
1661 1229 1987 1310 sapientes
2051 1248 2242 1290 senes
2296 1227 2505 1290 delec-

417 1349 658 1420 tantur,
715 1340 1043 1422 leviorque
1107 1339 1181 1402 fit
1245 1347 1550 1401 senectus
1614 1358 1836 1401 eorum
1894 1337 2003 1420 qui
2063 1357 2103 1400 a
2164 1337 2503 1399 iuventute

418 1449 721 1512 coluntur
767 1458 835 1511 et
877 1441 1253 1530 diliguntur,
1301 1447 1409 1510 sic‘
1437 1447 1886 1509 adulescentes
1932 1465 2163 1508 senum
2206 1465 2506 1528 praecep-

418 1556 504 1620 tis
551 1557 860 1638 gaudent,
904 1555 1138 1638 quibus
1185 1555 1268 1617 ad
1315 1554 1631 1617 virtutum
1679 1553 1893 1616 studia
1938 1553 2286 1616 ducuntur.
2360 1553 2502 1616 Nec
2544 1579 2604 1614 10

418 1665 634 1728 minus
679 1664 986 1745 intellego
1029 1684 1135 1726 me
1173 1663 1356 1726 vobis
1395 1683 1589 1745 quam
1631 1662 1791 1724 mihi
1827 1682 1944 1724 vos
1983 1682 2130 1725 esse
2167 1662 2501 1725 iucundos

422 1773 554 1836 Sed
592 1772 827 1836 videtis
871 1782 943 1835 ut
987 1781 1292 1836 senectus
1336 1792 1469 1835 non
1512 1771 1705 1835 modo
1746 1770 2051 1852 languida
2091 1780 2287 1853 atque
2331 1770 2504 1832 iners

420 1902 553 1945 non
601 1881 706 1959 sit,
755 1901 982 1944 verum
1029 1882 1227 1944 etiam
1278 1881 1362 1944 sit
1409 1900 1683 1962 operosa
1728 1889 1797 1942 et
1845 1899 2104 1961 semper
2148 1899 2353 1961 agens
2398 1879 2508 1941 ali-

420 1989 573 2072 quid
615 1999 683 2052 et
727 1989 1018 2068 molienS,
1062 1989 1190 2052 tale
1235 1989 1482 2052 scilicet
1526 1987 1713 2070 quale
1756 1988 2068 2070 cuiusque
2111 1987 2397 2051 studium
2438 1987 2505 2053 in

420 2097 753 2180 superiore
795 2097 928 2161 vita
968 2098 1115 2162 fuit.
1188 2097 1381 2180 Quid,
1430 2097 1539 2179 qui
1586 2096 1782 2158 etiam
1829 2096 2173 2159 addiscunt
2221 2096 2505 2178 aliquid?
2548 2119 2603 2172 15

420 2215 493 2268 ut
537 2215 605 2268 et
652 2204 960 2269 Solonem
1003 2205 1299 2269 versibus
1346 2205 1736 2287 gloriantem
1778 2205 2091 2283 videmuS,
2138 2205 2249 2287 qui
2293 2224 2364 2266 se
2407 2224 2509 2266 co-

420 2313 576 2376 tidie
618 2314 857 2395 aliquid
899 2314 1342 2377 addiscentem
1386 2313 1544 2376 dicit
1593 2333 1818 2376 senem
1867 2312 2024 2390 fieri,
2072 2323 2139 2376 et
2187 2333 2312 2395 ego
2359 2313 2501 2390 feci,
2590 2361 2595 2366 .

421 2421 531 2503 qui
569 2420 822 2484 litteras
863 2421 1146 2484 Graecas
1191 2442 1389 2484 senex
1430 2421 1643 2498 didici,
1683 2441 1843 2503 quas
1882 2421 2141 2503 quidem
2187 2421 2279 2483 sic
2321 2421 2507 2482 avide

417 2526 676 2612 arripui,
728 2529 914 2610 quasi
965 2530 1338 2592 diuturnam
1408 2529 1583 2592 sitim
1640 2529 1899 2610 explere
1956 2529 2243 2610 cupienS,
2303 2537 2375 2591 ut
2432 2548 2508 2591 ea

419 2637 561 2718 ipsa
614 2637 774 2700 mihi
827 2646 984 2701 nota
1036 2648 1276 2715 essent,
1336 2637 1570 2720 quibus
1632 2658 1738 2701 me
1801 2659 1974 2702 nunc
2036 2639 2349 2720 exemplis
2412 2638 2509 2701 uti
2545 2661 2610 2697 20

421 2746 676 2810 videtis,
749 2745 943 2828 Quod
1000 2766 1149 2809 cum
1213 2746 1449 2809 fecisse
1506 2746 1846 2810 Socratem
1909 2748 1974 2810 in
2038 2747 2274 2810 fidibus
2336 2747 2511 2809 audi-

421 2872 578 2931 rem,
648 2854 883 2916 vellem
957 2855 1257 2936 equidem
1331 2855 1527 2917 etiam
1605 2855 1780 2933 illud,
1807 2855 2259 2918 —discebant
2333 2854 2506 2917 enim

421 2960 658 3024 fidibus
704 2962 971 3045 antiqui,
1001 2985 1089 3008 ε-
1113 2963 1227 3026 sed
1276 2963 1342 3024 in
1389 2963 1625 3026 litteris
1674 2972 1852 3026 certe
1900 2963 2239 3027 elaboravi.
2564 3006 2639 3082 xl

515 3075 620 3132 IX.
661 3078 756 3134 27.
793 3071 937 3134 Nec
984 3091 1157 3134 nunc
1203 3071 1463 3153 quidem
1508 3071 1659 3134 viris
1706 3071 2004 3135 desidero
2050 3071 2503 3150 adulescentiS,

419 3178 586 3240 —is
636 3178 810 3240 enim
861 3189 1002 3241 erat
1049 3180 1229 3242 locus
1281 3180 1447 3243 alter
1495 3180 1577 3242 de
1626 3179 1801 3242 vitiis
1857 3179 2232 3256 senectutiS,
2260 3200 2505 3243 —non
2544 3210 2605 3262 ²5

421 3286 567 3369 plus
611 3307 806 3369 quam
852 3287 1236 3351 adulescens
1286 3288 1454 3350 tauri
1501 3296 1612 3350 aut
1661 3287 1992 3369 elephanti
2038 3287 2505 3351 desiderabam.

425 3393 619 3476 Quod
682 3403 804 3472 est,
863 3415 942 3458 eo
1003 3396 1195 3458 decet
1251 3395 1364 3473 uti,
1427 3406 1495 3458 et
1552 3395 1854 3478 quicquid
1916 3415 2072 3476 agas
2135 3416 2328 3477 agere
2391 3416 2508 3477 pro

420 3502 684 3566 viribus.
760 3503 948 3586 Quae
997 3504 1170 3566 enim
1213 3524 1338 3566 vox
1383 3513 1603 3585 potest
1650 3523 1795 3566 esse
1840 3504 2272 3586 contemptior
2315 3525 2507 3587 quam

424 3608 688 3674 Milonis
748 3611 1210 3675 Crotoniatae?
1274 3612 1402 3693 qui,
1468 3632 1616 3674 cum
1682 3611 1806 3674 iam
1864 3632 2065 3675 senex
2119 3623 2314 3690 esset,
2373 3614 2511 3676 ath-

419 3717 715 3802 letasque
777 3739 850 3782 se
913 3720 1275 3783 exercentis
1338 3720 1405 3782 in
1468 3720 1787 3783 curriculo
1847 3720 2115 3798 videret,
2178 3721 2508 3802 aspexisse
2544 3743 2609 3792 30
