2850 4284
393 321 479 382 26
1179 326 1289 378 ΟΝ
1339 326 1500 379 OLD
1544 326 1709 378 AGE
2155 326 2317 392 [CAT.
2346 327 2479 375 MA1.

392 486 642 551 colendi
690 488 907 551 studia
953 497 1290 551 teneamus
1339 507 1547 570 usque
1596 488 1677 550 ad
1726 487 2028 550 ultimum
2080 497 2340 569 tempus
2389 507 2484 550 se-

393 596 699 659 nectutis,
776 597 868 658 M.
915 596 1174 678 quidem
1216 595 1557 669 Valerium,
1592 596 1946 659 Corvinum
1989 597 2357 677 accepimus
2400 597 2481 659 ad

393 705 826 767 centesimum
857 725 1103 767 annum
1135 705 1534 786 perduxisse,
1563 724 1712 768 cum
1745 714 1921 767 esset
1945 713 2092 767 acta
2115 704 2242 766 iam
2266 714 2483 768 aetate

393 813 460 876 in
503 813 675 893 agris
719 832 962 895 eosque
1005 812 1288 891 coleret3
1339 813 1523 875 cuius
1572 813 1742 875 inter
1788 813 2068 895 primum
2112 822 2180 876 et
2225 823 2481 876 sextum

330 950 357 1003 5
395 920 803 984 consulatum
857 941 972 984 sex
1027 931 1095 984 et
1147 922 1575 1003 quadraginta
1627 921 1782 984 anni
1837 921 2296 985 interfuerunt.
2381 923 2484 984 Ita

395 1039 710 1112 quantum
759 1030 1040 1112 spatium
1088 1030 1319 1093 aetatis
1369 1031 1644 1092 maiores
1690 1031 1771 1092 ad
1822 1031 2179 1093 senectutis
2227 1031 2481 1093 initium

394 1158 541 1201 esse
587 1138 949 1213 voluerunt,
1003 1148 1227 1201 tantus
1278 1137 1368 1200 illi
1419 1158 1648 1201 cursus
1692 1139 2018 1203 honorum
2070 1139 2235 1217 fuit3
2286 1148 2483 1220 atque

392 1249 585 1312 huius
624 1259 917 1312 extrema
953 1260 1134 1313 aetas
1173 1250 1298 1312 hoc
1337 1249 1587 1312 beatior
1624 1269 1817 1331 quam
1856 1251 2085 1328 media,
2130 1251 2302 1332 quod
2339 1270 2485 1331 auc-

393 1357 677 1420 toritatis
725 1357 1008 1420 habebat
1056 1357 1220 1438 pIUS,
1271 1357 1508 1420 laboris
1555 1357 1791 1420 minus,
1871 1357 2066 1440 Apex
2113 1369 2217 1421 est
2261 1369 2479 1421 autem
2549 1381 2555 1387 ·

300 1492 360 1526 10
394 1467 754 1529 senectutis
785 1466 1158 1528 auctoritas
1210 1474 1304 1529 61.
1356 1466 1624 1547 Quanta
1654 1467 1779 1529 fuit
1811 1466 1877 1529 in
1916 1467 1991 1530 L.
2030 1468 2312 1531 Caecilio
2347 1465 2485 1530 Me-

394 1573 588 1638 tellol
637 1584 881 1656 quanta
923 1573 990 1635 in
1033 1573 1124 1639 A.
1167 1573 1375 1636 Atilio
1421 1574 1757 1638 Calatino!
1806 1575 1873 1637 in
1918 1595 2110 1657 quem
2158 1576 2315 1638 illud
2357 1576 2485 1637 elo-

392 1683 611 1764 gium:
665 1682 902 1745 ‘Hunc
937 1703 1137 1745 unum
1178 1683 1493 1765 plurimae
1533 1683 1951 1745 consentiunt
1990 1694 2224 1765 gentes
2262 1683 2483 1766 populi

393 1791 765 1873 primarium
807 1791 1011 1854 fuisse
1041 1790 1330 1865 virum),
1367 1791 1618 1853 Notum
1657 1801 1762 1853 est
1800 1811 2062 1854 carmen
2101 1792 2375 1854 incisum
2415 1793 2481 1854 in

394 1899 711 1982 sepulcro,
789 1900 940 1962 Iure
983 1900 1180 1980 igitur
1221 1899 1457 1980 gravis,
1501 1900 1684 1961 cuius
1726 1900 1810 1962 de
1853 1900 2147 1963 laudibus
2191 1901 2480 1963 omnium

299 2031 356 2084 15
393 2016 569 2071 esset
602 2008 779 2070 sama
809 2005 1247 2070 consentiens.
1323 2007 1541 2088 Quem
1573 2007 1783 2070 virum
1824 2028 2032 2090 nuper
2066 2008 2133 2072 P.
2170 2008 2480 2071 Crassum

393 2115 769 2198 pontificem
814 2116 1183 2192 maximum,
1232 2135 1426 2196 quem
1470 2125 1698 2197 postea
1743 2116 1837 2178 M.
1888 2117 2209 2198 Lepidum
2252 2117 2482 2179 eodem

394 2224 756 2286 sacerdotio
788 2223 1173 2306 praeditum,
1209 2223 1529 2288 vidimus!
1599 2223 1775 2306 Quid
1806 2225 1890 2286 de
1924 2224 2122 2287 Paulo
2159 2235 2271 2287 aut
2307 2224 2485 2287 Afri-

392 2353 554 2395 cano
593 2332 836 2414 loquar,
877 2342 1009 2410 aut,
1053 2340 1125 2394 ut
1164 2333 1292 2424 iam
1331 2342 1504 2410 ante,
1539 2333 1621 2394 de
1656 2333 1989 2396 Maximo?
2038 2354 2311 2416 quorum
2350 2354 2482 2397 non

393 2441 457 2504 in
487 2442 814 2504 sententia
840 2441 1068 2518 solum,
1097 2441 1212 2503 sed
1239 2441 1434 2503 etiam
1462 2441 1529 2503 in
1554 2450 1719 2503 nutu
1751 2441 2077 2504 residebat
2108 2442 2481 2505 auctoritaS.

295 2575 360 2610 20
399 2549 623 2612 Habet
667 2560 990 2628 senectuS,
1029 2537 1356 2612 'honorata
1400 2550 1801 2630 praesertim,
1849 2559 2098 2612 tantam
2142 2551 2485 2613 auctorita-

393 2668 525 2721 tem
553 2667 624 2721 ut
650 2678 728 2720 ea
759 2657 959 2740 pluris
993 2659 1076 2720 sit
1103 2678 1295 2740 quam
1329 2678 1556 2721 omnes
1589 2658 2067 2721 adulescentiae
2091 2658 2481 2740 voluptates

157 2807 251 2862 s
483 2773 712 2830 XVIII.
764 2775 860 2830 62.
912 2765 1044 2829 Sed
1085 2767 1152 2829 in
1196 2767 1374 2829 omni
1417 2767 1709 2829 oratione
1752 2777 2154 2830 mementote
2192 2787 2335 2830 eam
2376 2787 2482 2830 me

393 2885 801 2940 senectutem
837 2876 1098 2938 laudare
1132 2895 1297 2957 quae
1336 2875 1779 2938 fundamentis
1818 2874 2299 2939 adulescentiae
2338 2896 2485 2938 con-

393 2985 625 3048 stituta
655 2984 760 3047 sit.
829 2983 932 3046 Ex
965 3004 1094 3066 quo
1126 2983 1405 3046 efficitur
1438 2983 1501 3046 id
1534 2983 1704 3066 quod
1738 3003 1862 3064 ego
1894 3003 2132 3065 magno
2157 2984 2481 3065 quondam

295 3116 322 3150 2
331 3113 358 3169 5
392 3113 541 3157 cum
573 3093 856 3156 adsensu
882 3092 1169 3155 omnium
1203 3091 1356 3170 dixi,
1381 3092 1684 3154 miseram
1710 3112 1857 3154 esse
1883 3101 2291 3154 senectutem
2318 3112 2482 3174 quae

394 3222 465 3265 se
496 3201 787 3264 oratione
820 3200 1226 3264 defenderet.
1285 3199 1441 3262 Non
1475 3199 1620 3262 cani
1651 3219 1772 3261 nec
1805 3219 2006 3281 rugae
2040 3210 2309 3281 repente
2339 3219 2485 3262 auc-

392 3310 724 3372 toritatem
779 3309 1064 3389 arripere
1121 3318 1439 3390 possunt;
1492 3309 1607 3371 sed
1658 3308 1935 3371 honeste
1990 3317 2137 3371 acta
2193 3309 2484 3390 superior

391 3426 572 3479 aetas
605 3417 859 3479 fructus
893 3417 1065 3498 capit
1097 3417 1507 3479 auctoritatis
1539 3427 1883 3480 extremos,
1940 3425 2035 3480 63.
2089 3416 2276 3478 Haec
2310 3415 2481 3478 enim

394 3525 532 3606 ipsa
565 3534 718 3587 sunt
751 3524 1149 3587 honorabilia
1173 3545 1338 3607 quae
1362 3524 1667 3587 videntur
1698 3524 1863 3587 levia
1890 3534 2084 3607 atque
2117 3524 2485 3587 communia

294 3659 358 3709 30
391 3631 782 3710 ——salutari,
834 3632 1072 3712 adpeti,
1125 3633 1371 3710 decedi,
1425 3632 1707 3714 adsurgi,
1754 3632 2003 3710 deduci,
2051 3632 2291 3710 reduci,
2339 3652 2486 3694 con-

393 3739 555 3817 suli3
604 3760 768 3821 quae
801 3749 868 3802 et
905 3740 1077 3820 apud
1111 3761 1230 3802 nos
1269 3751 1336 3803 et
1368 3741 1437 3803 in
1476 3740 1616 3803 aliis
1656 3740 2047 3819 civitatibuS,
2084 3750 2157 3804 ut
2191 3759 2483 3824 quaeque
