2850 4284
151 3514 230 3556 x(

374 255 458 319 28
1157 260 1269 314 ΟΝ
1317 261 1479 315 OLD
1523 261 1687 316 AGE
2135 263 2295 330 [CAT.
2324 265 2459 316 MAI.

373 423 481 506 qui
519 423 586 486 in
618 423 936 506 Adelphis
974 411 1150 487 sunt.
1218 423 1486 506 Quanta
1525 424 1591 486 in
1629 424 1835 488 altero
1872 425 2117 504 diritaS‚
2152 425 2219 488 in
2257 424 2461 488 altero

371 531 683 596 comitas!
756 530 865 594 Sic
911 552 983 594 se
1025 552 1130 595 res
1173 532 1412 596 habet:
1462 541 1534 595 ut
1584 533 1756 595 enim
1784 554 1936 624 'non
1980 554 2173 597 omne
2216 534 2457 612 vinum,

374 641 466 703 sic
532 660 663 702 non
730 640 942 702 omnis
1009 650 1242 703 natura
1311 650 1643 703 vetustate
1712 643 2051 704 coacescit.
2142 641 2464 705 Severita-

373 758 508 812 tem
548 750 613 812 in
659 758 999 825 senectute
1043 749 1265 831 probo,
1315 749 1431 812 sed
1476 769 1620 812 eam
1671 750 1867 835 (sicut
1909 751 2055 834 alia)
2103 751 2462 829 modicam3

309 876 338 930 5
371 858 794 923 acerbitatem
838 857 1016 921 nullo
1058 859 1272 921 modo.
1339 858 1640 921 Avaritia
1682 879 1836 921 vero
1881 859 2102 921 senilis
2147 859 2299 941 quid
2342 858 2463 920 sibi

372 967 528 1030 velit
576 987 708 1029 non
756 967 1085 1049 intellego,
1165 967 1390 1030 Potest
1439 968 1611 1030 enim
1661 968 2003 1050 quicquam
2054 988 2201 1030 esse
2246 967 2466 1030 absur-

372 1076 517 1139 dius
544 1096 756 1158 quam,
786 1097 914 1159 quo
937 1077 1080 1140 viae
1099 1077 1316 1140 minus
1341 1086 1567 1154 restet,
1596 1096 1674 1139 eo
1699 1076 1847 1159 plus
1868 1077 2083 1140 viatici
2110 1056 2463 1159 quaerere?

464 1191 627 1272 XIX.
669 1195 774 1260 ,66.
827 1186 1079 1268 Quarta
1135 1194 1341 1248 restat
1398 1205 1611 1263 causa,
1671 1205 1835 1268 quae
1890 1186 2171 1248 maxime
2225 1205 2465 1266 angere

373 1303 571 1375 atque
634 1293 973 1357 sollicitam
1029 1293 1271 1357 habere
1333 1303 1626 1356 nostram
1690 1303 1974 1357 aetatem
2030 1294 2305 1371 videtur,
2362 1293 2470 1355 ad-

281 1425 342 1462 10
375 1402 829 1484 propinquatio
871 1403 1118 1480 mortis,
1168 1422 1331 1485 quae
1381 1413 1561 1464 certe
1602 1422 1643 1464 a
1687 1412 2028 1465 senectute
2072 1423 2205 1465 non
2248 1411 2467 1484 potest

375 1530 521 1573 6556
578 1510 790 1592 longe.
874 1509 936 1574 Ο
991 1511 1302 1574 miserum
1366 1531 1611 1589 senem,
1671 1511 1779 1592 qui
1842 1521 2121 1574 mortem
2185 1521 2470 1574 contem-

376 1619 667 1705 nendam·
721 1639 866 1682 6556
930 1619 996 1681 in
1059 1629 1193 1682 tam
1257 1618 1454 1701 longa
1513 1630 1730 1683 aetate
1793 1640 1926 1682 non
1980 1620 2253 1683 viderit!
2306 1639 2469 1700 quae

376 1737 488 1790 aut
551 1727 743 1810 plane
805 1728 1213 1810 neglegenda
1274 1738 1397 1807 est,
1466 1728 1521 1790 si
1583 1729 1850 1791 omnino
1920 1727 2279 1809 exstinguit
2342 1727 2473 1790 ani-

377 1857 574 1914 mum,
621 1846 734 1899 aut
778 1837 974 1899 etiam
1018 1836 1320 1918 optanda,
1368 1837 1424 1900 si
1467 1837 1683 1918 aliquo
1726 1857 1876 1900 eum
1919 1836 2182 1899 deducit
2228 1835 2338 1899 ubi
2386 1836 2469 1898 sit

283 1965 343 2019 15
377 1945 640 2007 futurus
702 1930 1028 2008 aeternus,
1120 1944 1333 2028 Atqui
1402 1946 1671 2008 tertium
1735 1955 1913 2009 certe
1978 1945 2165 2014 nihil,
2199 1944 2472 2006 inveniri

378 2062 618 2135 potest.
673 2061 768 2117 67.
820 2053 996 2135 Quid
1045 2053 1244 2134 igitur
1293 2053 1578 2132 timeam,
1631 2053 1686 2116 si
1735 2063 1848 2116 aut
1897 2074 2029 2116 non
2076 2053 2275 2116 miser
2322 2062 2471 2135 post

379 2171 658 2224 mortem
720 2172 834 2225 aut
897 2162 1129 2225 beatus
1191 2163 1387 2226 etiam
1453 2163 1715 2226 futurus
1779 2163 1970 2226 sum?
2058 2162 2470 2244 Quamquam

381 2269 524 2352 quis
588 2280 690 2333 est
754 2280 887 2333 tam
954 2270 1214 2350 stultuS‚
1273 2271 1568 2353 quamvis
1625 2270 1710 2334 sit
1764 2270 2168 2349 adulescenS,
2228 2270 2333 2333 cui
2388 2269 2472 2332 sit

381 2378 785 2461 exploratum
826 2400 898 2442 se
937 2380 1018 2442 ad
1058 2400 1402 2462 vesperum
1444 2399 1590 2442 esse
1629 2379 1999 2442 victurum?
2058 2378 2238 2460 Quin
2276 2378 2471 2440 etiam

284 2513 346 2548 20
380 2497 561 2550 aetas
601 2487 708 2551 illa
745 2490 952 2551 multo
991 2488 1192 2570 pluris
1232 2495 1425 2569 quam
1466 2498 1692 2550 nostra
1733 2507 1922 2550 casus
1965 2487 2194 2550 mortis
2233 2485 2473 2564 habet3

381 2595 632 2658 facilius
673 2596 739 2658 in
779 2596 1040 2658 morbos
1082 2596 1376 2658 incidunt
1415 2596 1911 2674 adulescentes;
1954 2595 2215 2678 gravius
2254 2614 2475 2675 aegro-

383 2712 566 2782 tant3
614 2704 866 2767 tristius
911 2713 1239 2767 curantur.
1309 2704 1541 2785 Itaque
1585 2705 1773 2787 pauci
1814 2704 2086 2767 veniunt
2128 2703 2211 2766 ad
2255 2722 2475 2766 senec-

383 2821 613 2875 tutem.
712 2812 906 2894 Quod
969 2812 1035 2874 ni
1098 2812 1190 2874 ita
1257 2812 1602 2891 accideret,
1664 2812 1895 2876 melius
1958 2821 2026 2875 et
2088 2810 2471 2893 prudentius

382 2919 728 2983 viveretur.
806 2921 998 2983 Mens
1044 2921 1217 2983 enim
1261 2930 1328 2983 et
1375 2921 1541 2983 ratio
1589 2930 1655 2984 et
1704 2921 2042 2984 consilium
2090 2920 2157 2982 in
2207 2918 2472 2982 senibus

285 3053 347 3105 25
383 3037 504 3106 est,
541 3029 649 3111 qui
683 3030 737 3091 si
769 3029 928 3092 nulli
959 3029 1260 3108 fuissent,
1297 3029 1511 3092 nullae
1542 3029 1808 3092 omnino
1842 3029 2136 3092 civitates
2170 3028 2471 3091 fuissent.

386 3137 518 3222 Sed
574 3139 770 3200 redeo
822 3138 904 3200 ad
959 3148 1238 3201 mortem
1292 3137 1803 3218 impendentem.
1896 3137 2091 3218 Quod
2142 3146 2247 3198 est
2298 3135 2472 3198 istud

385 3245 630 3308 crimen
679 3246 1056 3325 senectutiS,
1103 3266 1251 3309 cum
1299 3245 1363 3308 id
1412 3245 1472 3308 ei
1515 3245 1787 3307 videatis
1835 3264 1983 3307 cum
2032 3241 2505 3306 adulescentia'
2565 3229 2575 3238 ’

385 3373 531 3416 6556
579 3373 922 3417 commune
953 3356 974 3418 ?

479 3470 573 3525 68.
628 3461 822 3525 Sensi
877 3482 1002 3543 ego
1057 3463 1123 3525 in
1178 3464 1425 3545 optimo
1482 3463 1632 3540 filio,
1692 3472 1765 3524 tu
1822 3462 1887 3524 in
1942 3461 2338 3543 exspectatis
2391 3459 2473 3522 ad

289 3597 353 3647 30
386 3569 850 3650 amplissimam
893 3571 1279 3651 dignitatem
1325 3570 1655 3646 fratribuS,
1701 3569 1936 3650 Scipio,
1980 3578 2258 3631 mortem
2296 3567 2474 3630 omni

386 3678 586 3740 aetati
637 3697 782 3740 6556
833 3698 1266 3741 communem.
1359 3677 1484 3740 ‘At
1537 3687 1756 3758 sperat
1806 3675 2188 3738 adulescens
2239 3676 2351 3738 diu
2402 3695 2474 3738 se
