2850 4284
81 727 196 802 >s

393 310 473 374 32
1169 297 1279 352 ΟΝ
1328 297 1497 352 OLD
1532 295 1699 350 AGE
2152 292 2314 360 [CAT.
2342 293 2479 347 MAI.

390 471 464 524 ut
523 462 933 543 superiorum
989 470 1283 524 aetatum
1340 460 1562 522 studia
1623 458 1958 535 occidunt,
2017 457 2110 519 sic
2168 457 2481 520 occidunt

391 571 592 632 etiam
632 570 1015 633 senectutis
1084 569 1281 650 Quod
1322 587 1473 630 curn
1514 567 1757 644 evehit,
1801 566 2071 629 satietas
2103 564 2281 629 vitae
2321 574 2483 628 tem-

392 698 517 759 pus
558 687 889 740 maturum
933 677 1161 740 mortis
1200 676 1439 739 adfert.

484 790 644 848 XXI.
710 792 800 849 77.
855 786 1011 847 Non
1058 786 1233 848 enim
1281 785 1475 848 video
1525 805 1642 848 cur
1687 784 1841 866 quid
1886 783 2357 868 ipsesentiam
2400 781 2482 844 de

333 911 360 965 5
395 903 608 957 morte
653 911 784 956 non
827 893 1105 956 audeam
1149 892 1338 955 vobis
1383 893 1625 970 dicere,
1669 891 1842 973 quod
1889 911 1969 954 eo
2013 911 2282 954 cernere
2326 889 2483 951 mihi

397 1002 628 1064 melius
669 1002 916 1078 videor,
960 1022 1090 1083 quo
1135 1000 1216 1063 ab
1261 1020 1340 1063 ea
1383 1001 1656 1081 propius
1701 999 1953 1062 absum.
2035 999 2181 1080 Ego
2225 1009 2484 1061 vestros

396 1121 641 1192 patres,
692 1119 766 1172 tu
818 1109 1062 1190 Scipio,
1115 1118 1321 1190 tuque
1374 1107 1579 1185 Laeli,
1630 1109 1805 1170 viros
1854 1107 2254 1170 clarissimos
2304 1107 2486 1168 mihi-

400 1238 530 1301 que
593 1216 1024 1280 amicissimos
1087 1217 1307 1278 vivere
1368 1215 1665 1291 arbitror,
1728 1226 1793 1279 et
1859 1236 2001 1278 eam
2081 1215 2347 1296 quidem
2397 1214 2488 1276 vi-

398 1338 535 1391 tam
585 1347 752 1409 quae
798 1336 904 1389 est
953 1326 1093 1389 sola
1134 1327 1273 1388 vita
1321 1324 1733 1388 nominanda.
1811 1325 2006 1400 Nam,
2054 1322 2210 1386 dum
2260 1343 2487 1385 sumus

303 1465 364 1502 10
399 1437 633 1499 inclusi
697 1436 765 1497 in
828 1435 929 1497 his
992 1434 1422 1516 compagibus
1488 1434 1802 1513 corporiS,
1868 1452 2140 1494 munere
2206 1431 2489 1513 quodam

399 1545 819 1608 necessitatis
889 1552 956 1605 et
1027 1543 1211 1624 gravi
1281 1562 1481 1623 opere
1550 1541 2028 1622 perfungimur.
2127 1540 2253 1602 Est
2316 1540 2490 1603 enim

399 1653 656 1716 animus
703 1651 1039 1734 ‚caelestis
1132 1671 1213 1714 ex
1296 1651 1619 1712 altissimo
1701 1648 2031 1711 domicilio
2110 1646 2506 1729 depressuS,‘

401 1771 469 1824 et
526 1760 710 1844 quasi
769 1760 1108 1822 demersus
1174 1760 1242 1821 in
1297 1768 1562 1836 terram,
1620 1757 1837 1820 locum
1894 1757 2154 1820 divinae
2220 1767 2490 1819 naturae

401 1869 909 1950 aeternitatique
990 1860 1410 1931 contrarium.
1528 1866 1663 1930 Sed
1739 1865 1937 1928 credo
2017 1865 2177 1928 deos
2256 1865 2492 1927 inmor-

308 2005 367 2057 15
403 1979 552 2041 talis
595 1977 916 2058 sparsisse
956 1976 1207 2039 animos
1248 1977 1315 2038 in
1353 1995 1630 2059 corpora
1667 1976 1972 2052 humana,
2009 1983 2083 2036 ut
2122 1983 2348 2036 essent
2381 1972 2491 2054 qui

403 2096 612 2150 terras
671 2095 1036 2162 tuerentur,
1097 2085 1340 2166 quique
1404 2083 1792 2147 caelestium
1848 2083 2146 2145 ordinem
2203 2091 2492 2144 contem-

403 2196 663 2276 plantes
716 2194 1133 2256 imitarentur
1178 2213 1329 2256 eum
1379 2192 1555 2254 vitae
1606 2192 1801 2254 mod‘o
1850 2202 2049 2272 atque
2098 2190 2489 2260 constantia.

405 2305 549 2366 Nec
605 2322 708 2365 me
763 2301 973 2364 solum
1028 2303 1194 2364 ratio
1245 2321 1320 2364 ac
1376 2301 1739 2381 disputatio
1787 2300 2046 2380 impulit
2096 2309 2170 2361 ut
2219 2300 2313 2360 ita
2359 2319 2494 2361 cre-

405 2413 651 2489 derem,
706 2411 822 2473 sed
877 2410 1182 2472 nobilitas
1241 2411 1441 2472 etiam
1498 2429 1903 2472 summorum
1955 2407 2494 2488 philosophorum

307 2549 370 2584 20
404 2531 472 2583 et
517 2521 894 2582 auctoritas,
973 2527 1062 2581 78.
1116 2518 1495 2580 Audiebam
1542 2518 1980 2601 Pythagoram
2021 2516 2495 2600 Pythagoreos-

407 2649 556 2711 que,
608 2628 855 2690 incolas
907 2647 1116 2708 paene
1170 2637 1454 2703 nostrOS,
1507 2627 1617 2707 qui
1669 2634 1895 2689 essent
1950 2625 2163 2688 Italici
2215 2624 2495 2705 philoso-

405 2737 517 2818 phi
575 2735 905 2818 quondam
945 2735 1309 2812 nominati,
1378 2754 1736 2816 numquam
1800 2733 2141 2796 dubitasse
2199 2732 2358 2814 quin
2413 2751 2494 2794 ex

406 2845 713 2906 universa
783 2853 1004 2906 mente
1076 2843 1298 2905 divina
1362 2842 1685 2906 delibatos
1754 2843 2007 2904 animos
2077 2840 2490 2903 haberemus,

409 2951 1057 3015 Demonstrabantur
1104 2951 1260 3013 mihi
1311 2960 1654 3032 praeterea
1698 2970 1866 3033 quae
1914 2949 2223 3013 Socrates
2274 2968 2496 3029 supre-

310 3084 371 3140 25
408 3082 514 3124 mo
567 3061 742 3124 vitae
799 3061 905 3123 die
962 3060 1044 3122 de
1101 3059 1575 3122 inmortalitate
1631 3059 1997 3121 animorum
2048 3057 2494 3134 disseruisset,

365 3171 461 3233 .is
517 3171 627 3252 qui
685 3179 864 3232 esset
922 3169 1212 3232 omnium
1267 3169 1797 3250 sapientissimus
1849 3168 2113 3231 oraculo
2164 3166 2496 3248 Apollinis

407 3278 754 3341 iudicatus
832 3277 1012 3360 Quid
1062 3278 1314 3340 multa?
1390 3276 1500 3340 Sic
1548 3277 1705 3338 mihi
1752 3277 2069 3358 persuasi,
2116 3276 2210 3339 sic
2256 3258 2493 3353 senti0‚

409 3406 559 3449 curn
642 3395 828 3448 tanta
909 3387 1211 3448 celeritas
1293 3387 1659 3449 animorum
1743 3386 1849 3462 sit,
1927 3394 2110 3448 tanta
2185 3383 2499 3447 memoria

408 3495 911 3575 praeteritorum
963 3495 1478 3576 ‚futurorumque
1530 3494 1900 3575 prudentia,
1956 3503 2055 3556 tot
2106 3502 2303 3571 arteS,
2360 3502 2498 3554 tan-

312 3629 375 3680 30
411 3613 517 3664 tae
587 3601 924 3680 scientiae,
992 3612 1092 3664 tot
1156 3603 1445 3680 inventa,
1513 3622 1642 3672 non
1713 3622 1908 3683 posse
1979 3621 2123 3664 eam
2195 3610 2497 3664 naturam

411 3731 576 3794 quae
612 3730 716 3772 res
757 3729 868 3772 eas
910 3710 1246 3772 contineat
1287 3731 1435 3774 esse
1477 3711 1823 3773 mortalem
1846 3733 1860 3789 ;
1913 3730 2196 3792 cumque
2237 3728 2500 3790 semper
