2850 4284
367 311 619 376 mmm]
816 312 1401 368 IMMORTALITY
1448 316 1550 368 oF
1596 316 1764 368 THE
1812 278 2025 371 souL
2373 330 2453 393 33

365 473 658 554 agitetur
700 475 980 554 animus,
1016 496 1136 539 nec
1184 477 1577 558 principium
1623 488 1841 540 motus
1889 478 2149 557 habeat,
2187 479 2340 560 quia
2383 500 2455 542 se

363 583 505 663 ipse
532 594 816 662 moveat,
841 605 922 647 ne
951 585 1149 648 finem
1176 585 1440 666 quidem
1467 586 1845 648 habiturum
1866 607 2015 649 esse
2038 597 2279 666 motUS,
2304 589 2456 669 quia

365 699 723 775 numquam
764 713 836 756 se
877 693 1018 774 ipse
1059 693 1146 756 sit
1187 695 1575 771 relicturus3
1626 704 1696 757 et
1740 715 1891 757 cum
1936 695 2213 776 simplex
2255 697 2454 758 animi

364 811 600 864 natura
646 811 846 880 esset,
882 822 1096 883 neque
1140 802 1413 864 haberet
1460 803 1527 865 in
1571 823 1642 866 se
1689 803 2038 884 quicquam
2088 804 2454 867 admixtum

364 909 588 990 dispar
626 911 728 974 sui
772 921 973 993 atque
1018 911 1355 989 dissimile,
1391 932 1523 974 non
1567 932 1763 992 posse
1798 933 1948 975 eum
1982 913 2186 976 dividi
2209 935 2224 992 ;
2278 914 2453 996 quod

363 1018 419 1080 si
454 1039 585 1081 non
623 1020 857 1100 possit,
893 1040 1024 1082 non
1067 1040 1264 1101 posse
1308 1020 1619 1098 interire3
1668 1041 2039 1103 magnoque
2078 1043 2227 1085 esse
2266 1043 2453 1104 argu-

363 1136 587 1190 mento
620 1128 918 1191 homines
953 1129 1120 1192 scire
1155 1130 1466 1210 pleraque
1500 1139 1653 1193 ante
1688 1149 1883 1211 quam
1919 1131 2055 1192 nati
2088 1131 2240 1209 sint,
2278 1132 2452 1213 quod

361 1235 491 1298 iam
535 1237 742 1318 pueri,
788 1258 939 1300 cum
986 1238 1148 1300 artis
1197 1237 1480 1300 difficilis
1525 1238 1805 1316 discant,
1856 1238 1950 1300 ita
1997 1239 2301 1302 celeriter
2348 1260 2452 1303 res

361 1345 856 1409 innumerabilis
890 1346 1225 1426 arripiant,
1251 1356 1324 1408 ut
1351 1366 1464 1408 eas
1499 1367 1631 1409 non
1665 1357 1805 1409 tum
1841 1347 2125 1428 primum
2152 1349 2452 1428 accipere

360 1453 729 1531 videantur,
751 1454 869 1516 sed
898 1455 1226 1516 reminisci
1253 1465 1321 1517 et
1344 1455 1692 1517 recordari.
1751 1455 1939 1518 Haec
1969 1455 2261 1518 Platonis
2287 1457 2447 1520 fere.

449 1567 646 1624 XXII.
704 1569 794 1625 79.
848 1562 1052 1643 Apud
1089 1563 1604 1643 Xenophontem
1644 1574 1864 1626 autem
1907 1565 2191 1628 moriens
2236 1565 2451 1650 Cyrus

361 1671 567 1733 maior
620 1671 782 1734 haec
840 1671 1042 1734 dicit:
1105 1671 1360 1734 ‘Nolite
1417 1672 1742 1750 arbitrari,
1798 1671 1860 1736 Ο
1913 1673 2069 1735 mihi
2128 1674 2450 1737 carissimi

361 1779 494 1857 filii,
543 1800 668 1857 me,
715 1799 866 1844 cum
911 1799 950 1841 a
991 1780 1179 1842 vobis
1226 1779 1615 1858 discesserO,
1663 1775 1987 1863 nusquam
2037 1791 2153 1844 aut
2200 1783 2449 1845 nullum

356 1888 518 1951 fore.
597 1888 741 1951 Nec
799 1889 972 1951 enim
1033 1888 1191 1949 dum
1247 1908 1425 1951 eram
1484 1889 1823 1952 vobiscum
1881 1891 2171 1961 animum
2229 1911 2449 1953 meum

358 1996 705 2074 videbatiS,
765 1997 881 2060 sed
939 2017 1091 2059 eum
1147 2017 1296 2060 esse
1348 1998 1415 2059 in
1469 1998 1590 2061 hoc
1643 2018 1916 2078 corpore
1969 2019 2049 2061 ex
2101 1999 2198 2061 eis
2252 2000 2447 2063 rebus

359 2126 520 2188 quas
564 2106 876 2187 gerebam
920 2106 1424 2188 intellegebatiS.
1514 2107 1819 2170 Eundem
1868 2108 2068 2189 igitur
2116 2128 2264 2172 esse
2314 2130 2447 2173 cre-

355 2214 588 2292 ditote,
635 2215 835 2277 etiam
884 2215 940 2277 si
991 2216 1240 2277 nullum
1285 2215 1615 2279 videbitiS.
1700 2224 1793 2279 80.
1847 2216 1989 2279 Nec
2040 2236 2198 2280 vero
2248 2202 2447 2280 claro-

355 2343 500 2386 rum
534 2325 822 2387 virorum
855 2336 1006 2405 post
1042 2335 1323 2387 mortem
1359 2325 1641 2388 honores
1679 2336 2162 2406 permanerent,
2199 2327 2255 2389 si
2288 2327 2447 2389 nihil

353 2451 581 2494 eorum
622 2420 1154 2513 ipsorum'animi
1197 2433 1557 2512 efficerent,
1601 2454 1730 2515 quo
1771 2434 2018 2508 diutius
2065 2436 2444 2498 memoriam

355 2541 456 2603 sui
502 2550 898 2604 teneremus.
986 2542 1152 2603 Mihi
1197 2543 1463 2623 quidem
1508 2562 1866 2624 numquam
1910 2543 2291 2623 persuaderi
2336 2564 2445 2624 po-

355 2649 481 2712 tuit
515 2650 768 2712 animos
803 2650 961 2713 dum
994 2651 1062 2712 in
1093 2650 1477 2731 corporibus
1511 2660 1739 2713 essent
1778 2650 2163 2713 mortalibus
2198 2651 2441 2730 vivere,

301 2744 504 2820 “cum
553 2759 1011 2822 excessissent·
1049 2779 1129 2821 ex
1179 2759 1274 2820 eis
1323 2760 1548 2837 emori,
1597 2779 1717 2822 nec
1764 2780 1921 2822 vero
1967 2769 2108 2820 tum
2152 2761 2442 2823 animum

353 2886 500 2929 esse
553 2867 974 2948 insipientem
1027 2887 1177 2930 cum
1229 2887 1310 2930 ex
1362 2867 1699 2948 insipienti
1752 2887 2025 2948 corpore
2077 2869 2400 2931 evasisset
2424 2891 2439 2946 ;

353 2974 470 3037 sed
519 2995 671 3038 cum
720 2975 898 3038 omni
950 2974 1349 3039 admixtione
1403 2976 1693 3056 corporis
1746 2975 2062 3038 liberatus
2116 2996 2321 3056 purus
2372 2986 2440 3039 et

350 3083 611 3165 integer
673 3104 821 3146 esse
887 3084 1237 3164 coepisset,
1304 3093 1447 3146 tum
1512 3104 1661 3147 esse
1726 3083 2113 3164 sapientem.
2209 3084 2439 3166 Atque

350 3192 571 3270 etiam,
608 3213 760 3255 cum
794 3193 1077 3255 hominis
1110 3202 1346 3255 natura
1385 3203 1597 3254 morte
1632 3191 2033 3268 dissolvitur,
2070 3202 2439 3255 ceterarum

351 3320 568 3363 rerum
621 3301 1044 3382 perspicuum
1101 3311 1206 3364 est
1260 3322 1388 3383 quo
1444 3320 1742 3383 quaeque
1796 3299 2131 3377 discedat3
2192 3300 2438 3364 abeunt

348 3409 521 3472 enim
567 3409 723 3472 illuc
769 3411 988 3472 omnia
1036 3410 1210 3472 unde
1259 3420 1403 3472 orta
1452 3419 1629 3487 sunt,
1680 3409 1937 3471 animus
1987 3418 2209 3471 autem
2259 3409 2437 3472 solus

349 3538 468 3581 nec
503 3539 656 3581 cum
695 3518 886 3582 adest
926 3539 1047 3582 nec
1088 3540 1239 3582 cum
1280 3518 1564 3582 discedit
1602 3527 1896 3599 apparet.
1958 3524 2050 3580 81.
2108 3519 2247 3579 Iam
2281 3539 2437 3581 vero

2484 2569 2548 2604 20

2479 3111 2541 3164 ²5

2481 3508 2594 3637 s*

348 3627 587 3690 videtis
652 3627 811 3690 nihil
876 3648 1024 3690 esse
1096 3628 1289 3689 morti
1362 3637 1497 3689 tam
1571 3626 1782 3689 simile
1850 3646 2044 3708 quam
2109 3646 2539 3703 somnum.·30

348 3735 562 3818 Atqui
597 3737 1062 3800 dormientium
1103 3737 1299 3798 animi
1335 3736 1617 3798 maxime
1651 3735 1988 3797 declarant
2022 3735 2435 3796 divinitatem
