2850 4284
158 1239 248 1329 ,s

405 328 488 391 34
1189 318 1302 371 ΟΝ
1350 318 1510 370 OLD
1554 318 1719 371 AGE
2166 317 2329 384 [ΕΔΤ.
2356 317 2491 366 MAI.

401 499 627 556 suam;
695 480 904 542 multa
959 479 1135 542 enim
1186 499 1338 542 curn
1391 480 1650 542 remissi
1702 489 1771 543 et
1822 480 2010 570 liberi
2062 489 2218 543 sunt
2268 478 2492 542 futura

399 587 829 669 prospiciunt.
901 588 1002 649 Ex
1045 607 1174 670 quo
1206 587 1616 669 intellegitur
1648 587 1874 670 quales
1907 589 2113 651 futuri
2149 589 2304 666 sint,
2340 608 2487 651 cum

401 716 472 759 se
513 696 705 776 plane
738 696 1031 777 corporis
1066 696 1342 759 vinculis
1384 696 1838 759 relaxaverint.
1907 696 2061 779 Qua
2100 716 2190 775 re,
2233 697 2287 759 si
2326 697 2487 758 haec

399 804 495 866 ita
533 814 710 880 sunt,
747 805 841 867 sic
884 824 987 868 me
1027 805 1314 868 colitote’
1352 805 1567 887 inquit
1612 813 1626 840 ‘
1649 814 1723 867 ut
1763 804 1980 867 deum.
2066 804 2186 869 Sin
2224 824 2355 867 una
2386 813 2489 866 est

337 931 364 984 5
403 913 791 976 interiturus
836 913 1093 976 animus
1126 933 1275 976 cum
1313 932 1606 993 corpore,
1643 932 1760 975 vos
1795 922 2037 990 tamen,
2072 912 2233 975 deos
2267 932 2490 975 veren-

404 1031 528 1099 teS‚
565 1021 676 1104 qui
716 1022 883 1083 hanc
923 1041 1185 1084 ornnem
1226 1021 1783 1102 pulchritudinem
1825 1030 2095 1084 tuentur
2126 1030 2195 1084 et
2228 1031 2489 1102 regunt,

403 1130 784 1192 memoriam
818 1129 1029 1191 nostri
1062 1130 1169 1211 pie
1200 1130 1646 1212 inviolateque
1682 1129 2076 1193 servabitis!

493 1243 722 1300 XXIII.
793 1245 886 1300 82.
944 1238 1159 1322 Cyrus
1225 1237 1491 1320 quidem
1560 1238 1722 1300 haec
1796 1238 2099 1300 morienS.
2203 1238 2369 1316 Nos,
2436 1237 2493 1300 si

403 1345 643 1427 placet,
691 1355 918 1408 nostra
960 1346 1320 1409 videamuS.
1398 1347 1615 1408 Nemo
1658 1365 1972 1427 umquam
2017 1346 2197 1424 mihi,
2244 1344 2488 1426 Scipio,

308 1482 372 1517 ιο
403 1454 830 1536 persuadebit
882 1464 997 1517 aut
1049 1463 1306 1534 patrem
1360 1463 1549 1516 tuum
1600 1454 1895 1532 Paulum,
1949 1464 2065 1517 aut
2117 1454 2283 1517 duos
2335 1473 2493 1516 avos

407 1563 677 1625 Paulum
745 1571 814 1625 et
871 1562 1287 1640 Africanum,
1349 1572 1467 1625 aut
1522 1561 1826 1624 Africani
1890 1571 2145 1643 patrem
2208 1572 2324 1625 aut
2388 1581 2496 1643 pa-

406 1681 650 1748 truum,
709 1680 824 1734 aut
881 1671 1126 1733 multos
1185 1671 1588 1752 praestantis
1644 1671 1821 1733 viros
1879 1691 2044 1752 quos
2110 1691 2494 1734 enumerare

405 1801 537 1843 non
569 1789 674 1843 est
708 1798 1004 1856 necesse,
1041 1788 1227 1842 tanta
1265 1800 1414 1842 esse
1449 1788 1725 1842 conatos
1761 1799 1927 1862 quae
1967 1780 2049 1841 ad
2084 1780 2495 1861 posteritatis

405 1889 788 1952 memoriam
833 1888 1265 1969 pertinerent,
1313 1888 1438 1950 nisi
1484 1888 1702 1950 animo
1751 1897 2100 1951 cernerent
2150 1889 2497 1970 posterita-

312 2021 371 2074 15
408 2007 543 2060 tem
576 1998 658 2059 ad
686 2017 758 2060 se
793 1997 1144 2078 pertinere.
1210 1996 1325 2059 An
1349 2017 1605 2073 censeS‚
1624 2005 1809 2059 —ut
1835 1997 1917 2059 de
1946 2017 2049 2060 me
2082 1997 2226 2079 ipse
2252 1997 2495 2079 aliquid

407 2127 588 2169 more
637 2126 869 2168 senum
919 2105 1415 2187 glorier,—me
1466 2115 1688 2168 tantos
1734 2105 1990 2169 labores
2035 2105 2304 2169 diurnos
2350 2126 2499 2168 noc-

408 2224 770 2297 turnosque
799 2214 975 2276 dorni
1009 2213 1411 2296 militiaeque
1447 2222 1914 2295 suscepturum
1939 2213 2168 2292 fuisse,
2198 2215 2253 2277 si
2286 2214 2496 2278 isdem

409 2323 650 2387 finibus
713 2322 988 2405 gloriam
1054 2341 1267 2385 meam
1333 2322 1572 2405 quibus
1636 2323 1840 2384 vitam
1910 2341 2131 2386 essem
2194 2323 2499 2386 termina-

409 2434 643 2495 turus?
725 2432 978 2502 Nonne,
1023 2431 1257 2493 melius
1313 2431 1525 2493 multo
1580 2430 1822 2493 fuisset
1872 2431 2156 2493 otiosam
2208 2441 2498 2494 aetatem
2558 2467 2567 2474 ·

311 2569 374 2604 20
408 2551 477 2604 et
523 2541 814 2622 quietam
863 2540 1004 2603 sine
1055 2539 1188 2602 ullo
1234 2540 1458 2603 labore
1506 2549 1578 2601 et
1626 2539 2053 2603 contentione
2103 2540 2497 2603 traducere?

409 2649 543 2714 Sed
594 2649 818 2711 nescio
866 2668 996 2730 quo
1044 2647 1241 2710 modo
1289 2648 1547 2710 animus
1597 2648 1859 2728 erigens
1911 2667 1982 2710 se
2035 2648 2497 2729 posteritatem

406 2759 501 2820 ita
551 2778 815 2838 semper
863 2756 1331 2839 prospiciebat,
1385 2756 1572 2838 quasi
1626 2776 1777 2818 curn
1830 2757 2231 2820 excessisset
2278 2776 2315 2820 e
2362 2757 2499 2820 vita

408 2876 550 2930 tum
585 2867 868 2948 denique
901 2866 1198 2929 victurus
1239 2875 1436 2929 esset.
1507 2865 1704 2947 Quod
1741 2865 2007 2947 quidem
2048 2865 2114 2927 ni
2153 2865 2247 2928 ita
2279 2885 2351 2928 se
2390 2866 2497 2928 ha·

407 2975 615 3053 beret,
651 2984 725 3038 ut
765 2975 963 3037 animi
1004 2974 1383 3036 inmortales
1417 2983 1665 3052 essent,
1700 2972 1874 3035 haud
1908 2973 2143 3054 optimi
2176 2974 2498 3055 cuiusque

310 3110 372 3162 25
406 3085 665 3147 animus
707 3084 986 3146 maxime
1026 3083 1108 3145 ad
1143 3083 1684 3145 inmortalitatem
1725 3092 1794 3144 et
1835 3081 2111 3163 gloriam
2151 3082 2493 3145 niteretur.

372 3218 373 3221 ¹
409 3203 501 3257 83.
549 3193 750 3275 Quid,
782 3192 955 3275 quod
983 3191 1507 3273 sapientissimus
1536 3190 1815 3272 quisque
1847 3191 2247 3273 aequissimo
2280 3187 2499 3252 animo

409 3303 706 3378 moritur,
760 3301 1192 3364 stultissimus
1245 3299 1705 3381 iniquissimo?
1791 3300 2032 3363 Nonne
2084 3299 2273 3362 vobis
2323 3299 2499 3362 vide-

408 3420 519 3473 tur
561 3411 616 3472 is
661 3410 939 3487 animuS‚
983 3410 1094 3492 qui
1139 3409 1285 3491 plus
1331 3417 1561 3471 cernat
1605 3417 1673 3471 et
1711 3408 1992 3488 longiuS,
2033 3408 2258 3471 videre
2304 3427 2375 3471 se
2415 3407 2499 3469 ad

409 3519 677 3582 meliora
733 3518 1082 3598 proficisci,
1137 3518 1244 3581 ille
1301 3527 1524 3579 autem
1579 3517 1767 3579 cuius
1824 3517 2125 3580 obtusior
2178 3516 2267 3579 sit
2321 3517 2499 3580 acies

314 3656 377 3707 30
411 3649 542 3691 non
596 3627 869 3691 videre?
963 3627 1292 3708 Equidem
1355 3627 1603 3688 efferor
1658 3625 1880 3688 studio
1934 3634 2159 3706 patres
2216 3634 2497 3703 vestrOS,

412 3755 576 3818 quos
632 3734 805 3798 colui
861 3743 929 3797 et
987 3734 1204 3812 dilexi,
1263 3733 1530 3797 videndi
1555 3755 1571 3812 ;
1630 3753 1844 3817 neque
1900 3751 2061 3797 vero
2114 3754 2229 3798 eos
2286 3733 2499 3796 solum
