2850 4284
359 307 515 374 111.7]
658 308 1053 362 GENERAL
1095 309 1579 362 COMPLAINT
1627 310 1728 363 OF
1774 310 1944 362 THE
1992 309 2153 363 OLD
2405 319 2441 385 3

356 469 800 533 adulescentia
823 468 1076 551 obrepit
1100 471 1124 533 ?
1148 430 1474 549 ἱλθεήῐιάει,
1504 470 1613 553 qui
1645 471 1860 534 minus
1892 471 2109 554 gravis
2141 481 2319 535 esset
2351 471 2446 534 eis

358 588 683 656 senectuS,
738 577 794 641 si
844 577 1461 660 octingentesimum
1517 599 1762 642 annum
1818 591 2089 662 agerent
2141 600 2333 663 quam
2390 579 2447 642 si

358 687 876 769 octogesimum?
935 686 1290 749 Praeterita
1321 687 1496 750 enim
1528 697 1711 750 aetas
1743 689 2037 771 quamvis
2070 688 2265 770 longa
2296 708 2446 751 cum

358 795 736 873 effluxisset,
796 794 972 858 nulla
1025 795 1382 857 consolatio
1438 796 1841 877 permulcere
1896 806 2119 878 posset
2176 797 2441 859 stultam

358 912 787 967 senectutem.
868 911 924 966 5.
977 902 1298 985 Quocirca
1348 903 1404 965 si
1456 904 1838 986 sapientiam
1886 924 2097 968 meam
2146 904 2447 967 admirari

358 1012 600 1090 soletiS,
629 1031 794 1094 quae
820 1011 1069 1074 utinam
1093 1011 1291 1093 digna
1314 1022 1491 1075 esset
1518 1012 1817 1094 opinione
1843 1024 2062 1076 vestra
2093 1023 2445 1095 nostroque

358 1120 766 1203 cognomine,
809 1120 876 1183 in
918 1120 1042 1183 hoc
1086 1140 1311 1182 sumus
1355 1121 1686 1202 sapientes
1730 1122 1903 1204 quod
1946 1131 2245 1184 naturam
2286 1121 2450 1202 opti-

359 1249 533 1292 mam
574 1228 808 1291 ducem
857 1235 1190 1311 tamquam
1232 1229 1429 1291 deum
1478 1229 1826 1310 sequimur,
1873 1230 2061 1312 eique
2104 1250 2447 1312 paremus;

358 1357 398 1399 a
422 1357 550 1419 qua
579 1356 713 1399 non
736 1337 872 1400 veri
904 1336 1112 1399 simile
1146 1346 1267 1415 est,
1296 1356 1445 1400 cum
1479 1346 1736 1401 ceterae
1767 1348 1988 1420 partes
2019 1339 2255 1402 aetatis
2281 1337 2447 1401 bene

359 1445 723 1527 descriptae
756 1446 905 1524 sint,
933 1454 1296 1508 extremum
1327 1455 1549 1508 actum
1575 1456 1905 1529 tamquam
1930 1447 2014 1510 ab
2038 1447 2231 1510 inerti
2254 1444 2450 1528 poeta

360 1572 507 1616 esse
539 1553 932 1635 neglectum.
1007 1553 1139 1618 Sed
1172 1563 1394 1616 tamen
1435 1574 1704 1618 necesse
1743 1555 1868 1618 fuit
1899 1574 2046 1618 esse
2078 1556 2316 1638 aliquid
2348 1576 2453 1618 ex-

362 1671 662 1740 tremum,
709 1671 776 1725 et
824 1671 1156 1745 tamquam
1205 1662 1273 1724 in
1319 1663 1622 1726 arborum
1668 1663 1846 1727 bacis
1894 1674 2236 1745 terraeque
2284 1663 2453 1727 fruc-

362 1770 538 1833 tibus
565 1771 970 1853 ,maturitate
1025 1771 1443 1853 tempestiva,
1469 1772 1651 1854 quasi
1696 1773 1943 1835 vietum
1993 1782 2062 1835 et
2112 1772 2446 1851 caducum,

362 1879 536 1962 quod
567 1878 908 1942 ferendum
941 1889 1045 1942 est
1076 1879 1358 1942 molliter
1389 1881 1688 1961 sapienti.
1749 1880 1924 1963 Quid
1950 1891 2054 1944 est
2079 1880 2251 1944 enim
2277 1881 2450 1945 aliud

364 1988 722 2070 Gigantum
755 1988 949 2051 modo
980 1986 1220 2051 bellare
1254 2009 1400 2051 curn
1433 1989 1535 2051 dis
1575 1989 1700 2052 nisi
1737 2000 2008 2053 naturae
2040 1992 2451 2072 repugnare?

455 2106 511 2160 6.
565 2096 899 2160 LAELIUS.
965 2096 1193 2180 Atqui,
1224 2097 1409 2175 Cat0,
1439 2098 1881 2179 gratissimum
1914 2098 2123 2177 nobiS,
2150 2108 2221 2161 ut
2254 2099 2451 2160 etiam

362 2224 480 2288 pro
507 2204 810 2287 Scipione
835 2204 1156 2288 pollicear,
1184 2206 1437 2284 feceriS,
1466 2206 1540 2285 si,
1568 2207 1869 2288 quoniam
1897 2226 2253 2289 speramUS,
2280 2205 2454 2269 volu-

361 2333 510 2377 mus
535 2313 793 2396 quidem
828 2322 1006 2376 certe
1039 2333 1231 2376 senes
1264 2313 1422 2392 fieri,
1458 2314 1665 2376 multo
1697 2324 1851 2377 ante
1883 2335 1922 2377 a
1946 2324 2014 2376 te
2038 2314 2450 2376 didicerimus

363 2421 596 2504 quibus
630 2420 934 2484 facillime
965 2421 1324 2486 rationibus
1362 2422 1925 2504 ingravescentem
1962 2432 2246 2485 aetatem
2281 2421 2451 2485 ferre

362 2530 708 2612 possimus,

456 2638 671 2702 CATo.
740 2639 999 2702 Faciam
1040 2659 1213 2718 ver0,
1247 2639 1459 2718 Laeli,
1501 2640 1898 2722 praesertim
1926 2639 1981 2703 si
2021 2640 2276 2723 utrique
2313 2659 2453 2703 ves-

361 2755 557 2823 trum,
598 2755 671 2808 ut
709 2746 890 2824 dicis,
932 2756 1191 2830 gratum
1229 2747 1520 2809 futurum
1563 2756 1687 2810 est.

459 2851 794 2917 Limnos.
844 2854 1166 2916 Volumus
1192 2874 1367 2933 sane,
1396 2855 1522 2916 nisi
1551 2854 1903 2919 molestum
1929 2866 2049 2934 est,
2080 2856 2264 2933 Cato,
2292 2865 2453 2917 tam-

363 2981 559 3044 quam
583 2962 845 3044 longam
868 2962 1149 3044 aliquam
1174 2963 1343 3025 viam
1377 2963 1738 3026 confeceris
1764 2985 1956 3046 quam
1983 2963 2170 3027 nobis
2195 2982 2450 3046 quoque

363 3069 855 3151 ingrediendum
892 3069 996 3148 sit,
1032 3070 1201 3132 istuc
1234 3091 1362 3153 quo
1393 3072 1774 3152 pervenisti,
1807 3071 2027 3134 videre
2060 3070 2247 3153 quale
2283 3070 2386 3133 sit.

457 3179 576 3241 III.
631 3186 683 3242 7.
731 3179 954 3243 CATO.
1031 3179 1290 3242 Faciam
1335 3189 1410 3242 ut
1453 3189 1703 3261 potero,
1750 3179 1950 3242 Laeli.
2024 3178 2237 3260 Saepe
2276 3178 2450 3240 enim

364 3286 634 3350 interfui
696 3286 1000 3370 querellis
1067 3287 1431 3370 aequalium
1502 3308 1793 3351 meorum
1828 3327 1921 3336 —
1951 3306 2139 3369 pares
2206 3295 2446 3364 autem,

364 3404 586 3458 vetere
625 3395 983 3478 proverbi0,
1025 3415 1172 3459 cum
1213 3395 1478 3477 paribus
1517 3396 1821 3459 facillime
1862 3404 2341 3477 congregantur
2359 3434 2452 3442 —

365 3523 530 3586 quae
567 3503 643 3568 C.
677 3504 1022 3583 Salinator,
1058 3523 1223 3586 quae
1258 3504 1373 3586 Sp.
1408 3504 1715 3583 Albinus,
1749 3504 2045 3567 homines
2079 3504 2450 3566 consulares

2490 1446 2630 1506 10*

2493 2010 2552 2062 15

2489 2551 2552 2586 20

2489 3089 2636 3140 25'

365 3611 574 3674 nostri
611 3611 749 3675 fere
788 3612 1088 3695 aequales
1125 3612 1464 3694 deplorare
1504 3612 1820 3690 solebant,
1856 3621 1997 3675 tum
2031 3611 2201 3693 quod
2233 3611 2454 3692 volup·
2486 3636 2552 3688 30

365 3717 612 3783 tatibus
644 3729 959 3802 carerent,
995 3721 1135 3786 sine
1169 3719 1404 3805 quibus
1436 3721 1637 3788 vitam
1671 3721 1913 3788 nullam
1947 3728 2273 3806 putarent,
2309 3728 2450 3783 tum
