2850 4284
378 273 427 304 x.
451 255 536 320 33]
816 251 1161 304 MENTAL
1205 250 1605 326 VIGORUIN
1659 250 1819 302 OLD
1870 250 2051 301 MEN
2396 262 2468 324 13

379 435 556 497 puer,
625 412 734 496 qui
796 432 945 476 cum
1009 412 1433 495 quadriennio
1496 420 1645 493 post
1715 411 1991 474 alterum
2062 412 2471 474 consulatum

379 505 674 606 pontifex
713 523 1030 584 maximus
1074 520 1289 583 factus
1329 530 1526 598 esset,
1568 520 1801 602 viginti
1840 530 1906 583 et
1950 521 2115 582 duos
2158 540 2365 582 annos
2412 520 2473 582 ei

380 631 742 695 sacerdotio
784 629 1085 711 praefuit,
1132 629 1224 692 ita
1263 628 1451 691 bonis
1501 648 1648 691 esse
1690 628 1937 691 viribus
1978 638 2271 691 extremo
2314 638 2475 691 tem-

381 759 537 822 pore
599 738 851 815 aetatiS,
920 747 992 800 ut
1055 737 1563 801 adulescentiam
1628 757 1761 799 non
1824 738 2201 820 requireret.
2290 736 2473 799 Nihil

381 867 651 912 necesse
699 856 801 910 est
849 847 1008 910 mihi
1056 848 1138 909 de
1184 866 1291 909 me
1341 846 1483 928 ipso
1530 846 1769 924 dicere,-
1820 865 2207 928 quamquam
2256 855 2359 907 est
2409 845 2472 908 id

382 957 642 1039 quidem
692 955 897 1018 senile
943 955 1272 1037 aetatique
1319 964 1587 1017 nostrae
1636 955 2033 1018 conceditur.

470 1071 545 1128 X.
580 1073 676 1129 31.
711 1064 1055 1127 Videtisne
1096 1073 1168 1126 ut
1207 1064 1377 1144 apud
1416 1063 1781 1126 Homerum
1816 1064 2192 1145 saepissime
2226 1064 2472 1127 Nestor

379 1174 462 1237 de
493 1171 842 1235 virtutibus
883 1171 1016 1234 suis
1056 1171 1430 1252 praedicet?
1497 1172 1636 1233 Iam
1676 1172 1848 1234 enim
1890 1172 2149 1235 tertiam
2188 1182 2470 1240 aetatem

380 1281 716 1344 hominum
766 1280 1045 1356 videbat,
1093 1299 1215 1342 nec
1263 1288 1402 1342 erat
1453 1279 1513 1342 ei
1559 1280 1916 1343 verendum
1964 1300 2047 1343 ne
2095 1300 2249 1342 vera
2294 1300 2472 1362 prae-

379 1389 603 1452 dicans
653 1389 737 1451 de
792 1408 864 1450 se
919 1388 1111 1450 nimis
1160 1387 1493 1451 videretur
1545 1397 1659 1450 aut
1715 1388 2000 1450 insolens
2051 1398 2164 1451 aut
2215 1388 2467 1471 loquax.

384 1497 668 1575 Etenim,
716 1506 788 1560 ut
831 1497 922 1559 ait
971 1497 1321 1574 HomerUS,
1379 1505 1496 1559 ‘ex
1542 1497 1681 1559 eius
1724 1496 1946 1577 lingua
1991 1497 2183 1559 melle
2224 1497 2471 1559 dulcior

382 1605 626 1669 fluebat
657 1605 905 1684 oratio,'
941 1625 1133 1688 quam
1159 1605 1239 1668 ad
1267 1605 1657 1667 suavitatem
1689 1605 1882 1667 nullis
1915 1604 2151 1687 egebat
2186 1605 2470 1686 corporis

380 1713 644 1777 viribus,
720 1714 809 1777 Et
854 1723 1072 1776 tamen
1116 1713 1250 1775 dux
1292 1713 1397 1775 ille
1446 1712 1756 1775 Graeciae
1803 1733 2121 1795 nusquam
2170 1723 2355 1795 optat
2398 1723 2471 1776 ut

382 1822 606 1885 Aiacis
659 1823 884 1884 similis
936 1821 1172 1884 habeat
1221 1821 1471 1898 decem,
1527 1821 1640 1883 sed
1693 1830 1766 1883 ut
1819 1821 2138 1898 NestoriS,
2195 1822 2364 1903 quod
2417 1821 2470 1883 si

382 1930 506 1993 sibi
547 1931 872 2007 acciderit,
914 1950 1046 1993 non
1088 1928 1344 1993 dubitat
1385 1929 1541 2011 quin
1580 1928 1761 1992 brevi
1804 1929 1886 1991 sit
1924 1928 2123 1992 Troia
2164 1930 2468 2012 peritura.

382 2047 480 2102 32.
532 2036 665 2102 Sed
720 2039 915 2101 redeo
968 2038 1050 2100 ad
1108 2058 1233 2100 me.
1317 2037 1643 2120 Quartum
1698 2057 1822 2119 ago
1877 2058 2121 2101 annum
2177 2047 2243 2100 et
2300 2047 2473 2100 octo-

381 2147 742 2228 gesimum3
793 2146 1025 2209 vellem
1083 2147 1382 2228 equidem
1439 2147 1610 2209 idem
1666 2166 1927 2228 possem
1983 2146 2245 2228 gloriari
2300 2146 2469 2228 quod

386 2255 617 2339 CyruS,
665 2255 779 2318 sed
824 2265 1045 2318 tamen
1088 2255 1212 2317 hoc
1257 2275 1424 2337 queo
1466 2255 1700 2332 dicere,
1748 2275 1881 2317 non
1925 2274 2029 2316 me
2073 2255 2333 2336 quidem
2376 2255 2469 2317 eis

380 2383 528 2426 esse
570 2363 816 2426 viribus
857 2362 1090 2445 quibus
1135 2373 1248 2426 aut
1290 2363 1477 2426 miles
1516 2363 1687 2425 bello
1728 2362 1972 2424 Punico
2013 2372 2125 2424 aut
2165 2373 2470 2444 quaestor

2512 1411 2571 1446 10

2511 1951 2571 2004 15

379 2472 610 2534 eodem
657 2469 827 2533 bello
869 2480 980 2533 aut
1025 2470 1253 2533 consul
1296 2471 1363 2534 in
1405 2471 1728 2552 Hispania
1756 2471 2023 2547 fuerim,
2068 2479 2181 2533 aut
2221 2471 2472 2552 quadri·
2507 2493 2572 2528 20

380 2579 576 2643 ennio
607 2588 776 2661 post,
813 2599 960 2642 cum
1001 2578 1301 2641 tribunus
1341 2578 1632 2641 militaris
1665 2578 2034 2660 depugnavi
2063 2579 2235 2660 apud
2268 2578 2471 2641 Ther-

380 2687 674 2772 mopylas
703 2688 819 2750 M’.
849 2686 1200 2750 Glabrione
1233 2686 1520 2765 consule,
1556 2687 1672 2750 sed
1705 2697 1944 2764 tamen,
1974 2696 2046 2749 ut
2070 2707 2187 2749 vos
2213 2687 2465 2765 videtiS,

381 2817 514 2859 non
545 2796 737 2879 plane
768 2815 875 2859 me
907 2796 1258 2873 enervavit,
1295 2815 1427 2859 non
1458 2796 1705 2858 adflixit
1739 2805 2045 2858 senectus
2071 2817 2086 2873 ;
2129 2815 2262 2858 non
2294 2796 2471 2858 curia

381 2904 534 2967 viris
570 2897 753 2968 meas
784 2905 1130 2982 desiderat,
1165 2924 1298 2966 non
1338 2914 1567 2982 rostra,
1602 2925 1734 2967 non
1766 2904 1973 2981 amici,
2009 2924 2141 2966 non
2174 2904 2464 2981 clienteS,

381 3033 514 3075 non
557 3013 869 3095 hospites».
956 3013 1099 3075 Nec
1145 3013 1318 3075 enim
1362 3032 1669 3094 umquam
1716 3033 1859 3074 sum
1902 3013 2220 3075 adsensus
2263 3013 2469 3076 veteri
2505 3032 2565 3085 25

381 3120 472 3183 illi
495 3121 882 3204 laudatoque
914 3121 1273 3203 proverbiO,
1299 3121 1470 3202 quod
1505 3130 1729 3183 monet
1761 3131 2015 3184 mature
2048 3121 2189 3183 fieri
2222 3141 2465 3198 senem,

380 3227 436 3290 si
473 3229 584 3302 diu
622 3218 781 3291 velis
828 3249 1028 3291 senex
1069 3248 1235 3291 esse.
1311 3228 1458 3310 Ego
1496 3248 1652 3291 vero
1696 3249 1801 3292 me
1841 3230 2053 3292 minus
2092 3230 2203 3292 diu
2243 3250 2465 3292 senem

378 3355 526 3399 esse
556 3321 834 3414 mallem,
864 3356 1057 3418 quam
1089 3357 1236 3400 esse
1269 3357 1495 3400 senem
1526 3347 1682 3400 ante
1716 3359 1906 3420 quam
1940 3359 2177 3402 essem.
2236 3339 2467 3421 Itaque

377 3464 571 3507 nemo
603 3445 812 3507 adhuc
846 3445 1193 3508 convenire
1225 3466 1330 3508 me
1361 3446 1566 3510 voluit
1601 3446 1705 3509 cui
1735 3447 1969 3510 fuerim
2002 3458 2377 3530 occupatus,

2493 3451 2585 3512 as*

467 3561 564 3616 33.
614 3551 712 3615 At
773 3552 988 3615 minus
1044 3553 1252 3615 habeo
1306 3555 1537 3617 virium
1596 3575 1788 3636 quam
1844 3565 2135 3618 vestrum
2200 3557 2463 3618 utervis,
2501 3577 2568 3626 30

376 3661 484 3724 Ne
521 3681 638 3724 vos
678 3661 937 3743 quidem
977 3660 1058 3724 T.
1102 3661 1292 3724 Ponti
1333 3663 1731 3725 centurionis
1771 3663 1923 3724 viris
1963 3664 2260 3740 habetis;
2309 3685 2464 3725 num
