2850 4284
448 332 494 394 4
1235 320 1346 372 ΟΝ
1395 320 1557 373 OLD
1600 319 1767 372 AGE
2212 319 2373 386 [Cn.
2403 321 2539 369 ΜΑῐ.

450 483 623 565 quod
656 491 1121 565 spernerentur
1153 480 1236 544 ab
1267 482 1363 544 eis
1394 502 1435 544 a
1466 480 1701 572 quibus
1732 489 1955 544 essent
1989 480 2114 543 coli
2147 481 2337 544 soliti.
2408 480 2541 563 Qui

451 591 609 654 mihi
642 610 774 653 non
807 589 870 652 id
903 589 1290 653 videbantur
1326 573 1632 652 accusare
1666 590 1838 671 quod
1869 598 2047 652 esset
2080 589 2539 652 accusandum.

454 699 628 777 Nam
675 698 732 761 si
780 698 841 760 id
891 697 1081 779 culpa
1130 698 1492 761 senectutis
1541 697 1882 775 accideret,
1933 697 2159 760 eadem
2213 697 2370 760 mihi
2418 718 2541 760 usu

452 806 750 871 venirent
806 807 1197 888 reliquisque
1253 805 1556 869 omnibus
1617 805 1967 869 maioribus
2030 815 2206 884 natu,
2265 825 2541 888 quorum

391 930 418 984 5
453 935 578 998 ego
620 915 973 977 multorum
1019 915 1294 997 cognovi
1339 922 1750 978 senectutem
1794 914 1933 977 sine
1971 915 2274 996 querella,
2318 914 2426 997 qui
2470 933 2541 977 se

453 1032 520 1087 et
568 1023 908 1087 libidinum
955 1022 1229 1085 vinculis
1276 1023 1526 1086 laxatos
1567 1042 1720 1085 esse
1768 1043 1901 1086 non
1947 1022 2223 1085 moleste
2270 1022 2538 1100 ferrent,

454 1151 576 1194 nec
612 1151 653 1194 a
689 1131 825 1194 suis
861 1131 1374 1213 despicerentur.
1450 1130 1583 1195 Sed
1619 1131 1909 1194 omnium
1954 1131 2141 1194 istius
2180 1131 2355 1194 modi
2394 1150 2545 1213 que-

452 1241 753 1303 rellarum
795 1240 862 1302 in
901 1239 1190 1303 moribus
1229 1249 1332 1302 est
1375 1240 1582 1322 culpa,
1624 1233 1756 1303 non
1799 1240 1866 1302 in
1907 1249 2144 1303 aetate.
2218 1239 2543 1302 Moderati

453 1349 627 1411 enim
683 1358 752 1411 et
807 1368 930 1411 nec
983 1347 1279 1412 difficiles
1331 1368 1453 1413 nec
1507 1349 1845 1411 inhumani
1896 1368 2087 1411 senes
2138 1348 2539 1411 tolerabilem

359 1479 420 1515 ιο
454 1466 864 1519 senectutem
911 1465 1158 1538 agunt3
1214 1456 1672 1538 importunitas
1718 1465 1938 1520 autem
1986 1465 2055 1519 et
2104 1456 2541 1520 inhumanitas

452 1565 631 1628 omni
675 1564 876 1628 aetati
921 1565 1200 1628 molesta
1244 1574 1369 1628 est.
1622 1628 1631 1635 ,
1816 1577 1821 1584 ’

305 1601 404 1725 s
546 1682 603 1737 8.
656 1672 991 1736 LAELIUS.
1067 1673 1191 1736 Est
1237 1683 1308 1736 ut
1351 1673 1533 1752 dicis,
1577 1673 1784 1753 Cato;
1833 1674 1949 1737 sed
1991 1674 2271 1737 fortasse
2308 1673 2542 1736 dixerit

454 1783 772 1865 quispiam
813 1781 931 1844 tibi
969 1791 1235 1865 propter
1274 1801 1433 1863 opes
1472 1791 1541 1844 et
1581 1783 1797 1864 copias
1836 1791 1903 1845 et
1943 1782 2326 1865 dignitatem
2360 1790 2541 1844 tuam

454 1889 950 1953 tolerabiliorem
1015 1898 1424 1952 senectutem
1481 1890 1701 1968 videri,
1760 1890 1823 1952 id
1885 1884 2104 1953 autem
2163 1909 2294 1952 non
2348 1909 2543 1970 posse

359 2017 419 2071 1⁵
455 1998 678 2061 multis
725 1999 1125 2080 contingere.

549 2106 764 2170 CATO.
853 2107 978 2169 Est
1026 2106 1200 2169 istud
1250 2106 1529 2188 quidem,
1585 2105 1784 2184 Laeli,
1834 2106 2093 2188 aliquid,
2145 2107 2261 2169 sed
2310 2127 2546 2189 nequa-

455 2234 647 2296 quam
688 2214 754 2276 in
794 2214 921 2277 isto
961 2223 1115 2276 sunt
1155 2214 1390 2276 omnia.
1466 2214 1565 2278 Ut
1603 2213 2082 2277 Themistocles
2125 2214 2336 2277 fertur
2376 2214 2546 2278 Seri-

454 2322 609 2404 phio
647 2322 900 2384 cuidam
942 2323 1009 2384 in
1048 2322 1256 2404 iurgio
1294 2322 1727 2404 respondisse,
1768 2341 1917 2384 curn
1957 2322 2063 2385 ille
2100 2313 2371 2386 dixisset
2412 2343 2543 2386 non

454 2451 603 2493 eum
639 2451 757 2493 sua
788 2430 902 2493 sed
935 2431 1182 2512 patriae
1213 2430 1419 2512 gloria
1453 2431 1865 2512 splendorem
1896 2413 2277 2494 adsecutum
2305 2453 2319 2496 ε
2373 2431 2542 2495 ‘Nec

359 2563 422 2597 20
460 2539 818 2624 (hercule)‚'
877 2538 1087 2621 inquit
1147 2539 1235 2600 ‘si
1289 2558 1414 2621 ego
1472 2538 1813 2620 Seriphius
1868 2560 2101 2622 essem,
2160 2559 2281 2602 nec
2338 2549 2431 2618 tu,
2488 2540 2544 2602 si

457 2629 905 2724 AtheniensiS‚
935 2644 1145 2709 clarus
1179 2667 1485 2728 umquam
1520 2646 1800 2710 fuisses!
1860 2647 2054 2730 Quod
2087 2647 2316 2710 eodem
2349 2649 2544 2710 modo

454 2754 537 2817 de
593 2763 935 2817 senectute
989 2755 1116 2818 dici
1170 2765 1411 2836 potest.
1488 2755 1631 2818 Nec
1686 2756 1858 2818 enim
1910 2757 1978 2819 in
2028 2776 2283 2819 summa
2331 2757 2546 2838 inopia

456 2862 617 2925 levis
661 2882 806 2925 esse
851 2873 1156 2926 senectus
1198 2872 1419 2945 potest
1465 2883 1548 2926 ne
1592 2864 1868 2946 sapienti
1912 2864 2190 2948 quidem,
2233 2884 2353 2928 nec
2398 2864 2546 2927 insi-

456 2970 660 3052 pienti
707 2970 902 3033 etiam
947 2971 1014 3033 in
1059 2992 1312 3033 summa
1355 2971 1541 3053 copia
1581 2992 1714 3035 non
1755 2973 1991 3054 gravis,
2070 2981 2128 3036 9.
2178 2971 2545 3055 Aptissima

359 3103 422 3157 25
457 3078 720 3141 omnino
783 3088 958 3156 sunt,
1024 3078 1244 3161 Scipio
1306 3089 1375 3142 et
1442 3079 1642 3159 Laeli,
1706 3100 1887 3143 arma
1948 3081 2306 3144 senectutis
2367 3090 2543 3144 artes

456 3187 1081 3269 exercitationesque
1128 3188 1464 3267 virtutum,
1509 3209 1673 3271 quae
1718 3189 1784 3251 in
1826 3190 2004 3252 omni
2045 3198 2260 3252 aetate
2308 3189 2539 3267 cultae,

456 3313 604 3356 cum
652 3295 762 3357 diu
810 3295 1218 3377 multumque
1261 3295 1514 3373 vixeriS,
1565 3297 1872 3359 mirificos
1920 3298 2218 3360 ecferunt
2266 3297 2539 3376 fructuS‚

457 3422 588 3465 non
627 3403 835 3466 solum
878 3403 1026 3485 quia
1063 3424 1415 3486 numquam
1456 3405 1786 3483 deserunt,
1829 3425 1912 3469 ne
1952 3415 2244 3469 extremo
2282 3406 2541 3489 quidem

456 3520 750 3593 tempore
792 3512 1044 3590 aetatiS,
1066 3551 1158 3559 —-
1178 3533 1566 3594 quamquam
1612 3514 1675 3576 id
1721 3513 1981 3597 quidem
2023 3515 2372 3578 maximum
2418 3524 2540 3593 est,

359 3645 424 3697 30
457 3639 790 3683 -verum
831 3620 1023 3682 etiam
1066 3621 1215 3702 quia
1253 3621 1651 3684 conscientia
1681 3622 1850 3684 bene
1888 3632 2071 3685 actae
2104 3623 2275 3686 vitae
2313 3623 2545 3688 multo-

455 3747 728 3811 rumque
766 3726 934 3791 bene
973 3727 1293 3792 factorum
1333 3730 1697 3795 recordatio
1735 3730 2199 3794 iucundissima
2235 3741 2357 3795 est.
