2850 4284
381 313 565 380 1v.12]
632 314 928 368 FABIUS
977 314 1400 380 MAXIMUS;
1451 314 1730 367 GREEK
1774 313 2215 366 WORTHIES
2428 322 2458 388 5

473 487 578 544 IV.
614 488 705 544 10.
757 477 904 559 Ego
946 476 1267 559 Quintum
1304 473 1686 551 Maximum,
1745 493 1894 537 eum
1947 474 2057 556 qui
2105 473 2467 537 Tarentum

379 584 647 667 recepit,
683 605 907 648 senem
946 585 1336 702 adulescens
1377 583 1472 647 ita
1507 582 1702 646 dilexi
1752 591 1826 645 ut
1873 582 2229 664 aequalem.
2305 583 2466 645 Erat

380 695 552 758 enim
592 694 660 757 in
698 691 807 757 isso
838 693 976 755 viro
1014 667 1320 755 comitate
1359 691 1623 754 condita
1657 691 1959 773 gravitaS,
2001 710 2122 754 nec
2162 701 2479 786 senectus

381 823 595 866 mores
639 810 1042 894 mutaverat3
1081 788 1470 883 quamquam
1516 819 1664 862 eum
1709 801 1922 862 colere
1966 799 2149 881 coepi
2191 819 2323 862 non
2364 767 2470 862 ad-

380 911 644 975 modum
677 879 990 993 grandem
1023 919 1201 987 natu,
1238 909 1353 972 sed
1387 919 1610 971 tamen
1648 908 1772 971 iam
1813 917 2028 971 aetate
2066 918 2465 990 provectum.

380 1020 584 1083 Anno
626 1020 800 1082 enim
843 1028 992 1100 post
1036 1016 1263 1081 consul
1302 1017 1581 1099 primum
1627 1017 1841 1080 fuerat
1882 1037 2073 1100 quarn
2113 1036 2237 1099 ego
2276 1026 2469 1079 natus

381 1149 547 1206 sum,
597 1147 875 1210 cumque
922 1146 1001 1189 eo
1044 1135 1347 1208 quartum
1395 1126 1661 1189 consule
1708 1125 2235 1188 adulescentulus
2282 1125 2470 1188 miles

379 1237 461 1300 ad
495 1236 782 1318 Capuam
830 1235 1166 1317 profectus
1209 1255 1374 1313 sum,
1422 1235 1780 1317 quintoque
1821 1254 1994 1297 anno
2036 1243 2186 1316 post
2228 1234 2310 1296 ad
2349 1233 2474 1296 Ta-

379 1353 662 1408 rentum.
737 1343 1065 1426 Quaestor
1105 1343 1339 1406 deinde
1383 1343 1805 1426 quadriennio
1851 1353 2000 1426 post
2043 1342 2259 1407 factus
2303 1363 2467 1421 sum,

381 1473 577 1542 quem
609 1452 1061 1557 magistratum
1095 1452 1271 1534 gessi
1303 1451 1678 1515 consulibus
1702 1452 2031 1515 Tuditano
2055 1461 2123 1514 et
2152 1451 2468 1534 CethegO,

383 1523 574 1624 clini
552 1535 830 1660 q'uldern
863 1543 995 1623 ille
1006 1561 1357 1624 admodum
1397 1581 1599 1624 senex
1636 1580 1863 1623 suasor
1893 1560 2057 1642 legis
2091 1560 2354 1624 Cinciae
2388 1561 2472 1623 de

380 1670 570 1733 donis
608 1679 676 1733 et
712 1635 1092 1732 munerlbus
1126 1668 1270 1732 fuit.
1341 1668 1473 1731 Hic
1511 1678 1580 1731 et
1611 1667 1779 1731 bella
1817 1668 2088 1750 gerebat
2120 1677 2192 1732 ut
2225 1669 2475 1732 adules-

382 1798 559 1857 cenS,
595 1798 743 1841 cum
775 1778 967 1860 plane
999 1777 1264 1860 grandis
1296 1787 1494 1855 esset,
1530 1786 1597 1840 et
1636 1776 2072 1840 Hannibalem
2107 1777 2474 1841 iuveniliter

383 1887 819 1950 exsultantem
870 1886 1186 1968 patientia
1240 1906 1358 1949 sua
1411 1885 1785 1964 molliebat;
1833 1886 1916 1948 de
1968 1906 2096 1968 quo
2145 1885 2472 1967 praeclare

383 1995 715 2059 familiaris
763 2003 988 2058 noster
1037 1994 1332 2059 Ennius:

682 2129 844 2182 Unus
869 2126 1042 2180 homo
1070 2125 1236 2180 nobis
1266 2126 1595 2180 cunctando
1626 2127 1872 2181 restituit
1900 2143 2033 2191 rem,

682 2220 946 2272 Noenum
975 2234 1228 2270 rumores
1257 2217 1507 2286 ponebat
1534 2225 1665 2271 ante
1694 2218 1959 2272 salutem.

681 2311 836 2380 Ergo
862 2316 1104 2378 postque
1131 2310 1424 2380 magisque
1451 2309 1556 2362 viri
1587 2326 1738 2362 nunc
1765 2310 1954 2380 gloria
1982 2310 2174 2364 claret.
2266 2335 2361 2384 s

389 2445 495 2528 191.—
530 2436 892 2501 Tarentum
925 2455 1089 2513 „yero
1134 2456 1260 2518 qua
1301 2436 1652 2518 vigilantia,
1700 2456 1828 2519 quo
1875 2436 2145 2499 consilio
2187 2437 2471 2518 recepit!

2539 935 2567 988 5

2513 1479 2572 1514 10

2513 2013 2573 2067 15

385 2565 532 2608 cum
577 2544 838 2627 quidem
885 2563 990 2607 me
1037 2544 1342 2608 audiente
1389 2544 1755 2623 Salinatori,
1802 2545 1912 2627 qui
1951 2545 2192 2608 amisso
2236 2545 2472 2627 oppido
2510 2577 2573 2610 20

385 2652 642 2735 fugerat
675 2651 742 2715 in
770 2671 1005 2728 arcem,
1041 2652 1343 2734 glorianti
1379 2663 1577 2736 atque
1616 2653 1706 2716 ita
1737 2653 1996 2732 dicenti,
2038 2653 2225 2716 ‘Mea
2256 2672 2469 2735 opera,

386 2761 634 2844 Quinte
673 2760 851 2839 Fabi,
885 2760 1246 2824 Tarentum
1287 2761 1634 2844 recepisti,’
1675 2761 1942 2840 ‘Certe,'
1984 2761 2192 2844 inquit
2234 2761 2469 2840 ridenS,

389 2878 405 2907 ‘
425 2889 573 2932 nam
608 2868 731 2932 nisi
763 2878 837 2932 tu
857 2869 1215 2950 amisisseS,
1251 2891 1605 2952 numquam
1639 2870 2073 2953 recepissem.'
2143 2869 2287 2933 Nec
2318 2889 2474 2933 vero

385 2977 452 3040 in
482 2978 679 3040 armis
708 2979 1142 3060 praestantior
1165 2999 1356 3061 quam
1384 2979 1451 3041 in
1476 2989 1649 3061 toga,
1678 2979 1787 3062 qui
1819 2980 2046 3042 consul
2070 2978 2325 3057 iterum,
2357 2978 2471 3060 Sp.
2529 3051 2537 3058 ‚

389 3085 667 3149 Carvilio
714 3086 963 3169 collega
1009 3087 1405 3168 quiescente,
1461 3087 1537 3151 C.
1593 3088 1908 3151 Flaminio
1956 3087 2217 3150 tribuno
2264 3086 2472 3169 plebis
2510 3116 2574 3169 ²5

385 3194 594 3276 quoad
626 3194 839 3276 potuit
871 3195 1112 3258 restitit
1145 3216 1374 3278 agrum
1411 3196 1742 3259 Picentem
1776 3206 1845 3259 et
1879 3194 2197 3259 Gallicum
2231 3195 2472 3258 viritim

385 3311 612 3365 contra
674 3313 939 3366 senatus
1001 3304 1457 3367 auctoritatem
1518 3304 1871 3382 dividenti3
1926 3324 2261 3387 augurque
2323 3323 2471 3366 cum

385 3419 580 3489 esset,
613 3410 829 3475 dicere
859 3431 1059 3475 ausus
1090 3421 1192 3475 est
1231 3412 1495 3495 optimis
1534 3412 1835 3494 auspiciis
1874 3432 1953 3475 ea
1988 3413 2127 3495 geri
2159 3433 2324 3495 quae
2355 3432 2473 3496 pro

383 3519 478 3581 rei
509 3518 804 3601 publicae
838 3521 1047 3583 salute
1082 3530 1485 3604 gererentur,
1521 3540 1685 3603 quae
1719 3530 1947 3583 contra
1977 3541 2115 3582 rem
2147 3520 2473 3602 publicam

384 3626 714 3690 ferrentur
744 3639 971 3692 contra
1002 3630 1288 3711 auspicia
1318 3629 1494 3692 ferri.
1567 3636 1658 3693 12.
1696 3628 1910 3691 Multa
1941 3628 2008 3691 in
2034 3649 2111 3692 eo
2134 3629 2271 3692 viro
2296 3648 2476 3711 prae·
2508 3659 2574 3710 30

385 3735 557 3799 clara
589 3737 882 3821 cognovi,
920 3738 1035 3801 sed
1074 3738 1233 3801 nihil
1269 3736 1709 3801 admirabilius
1742 3758 1934 3822 quam
1970 3757 2097 3820 quo
2136 3737 2327 3800 modo
2367 3737 2473 3798 ille
