2850 4284
407 277 420 286 ’
451 302 523 362 18
1226 307 1337 360 ON
1386 307 1548 360 oLD
1589 307 1756 360 AGE
2201 307 2363 373 [cu.
2392 307 2529 355 ΜΑι.

440 469 859 550 praestringit
910 467 1154 547 ocuIOS,
1203 488 1323 531 nec
1372 468 1571 531 habet
1598 468 1821 558 ‘ullum
1873 489 2019 532 cum
2069 469 2311 531 virtute
2362 488 2532 530 com-

440 577 772 639 mercium.
857 576 1109 639 Invitus
1165 577 1292 639 feci
1346 586 1418 639 ut
1475 576 1812 639 fortissimi
1866 577 1986 638 viri
2041 578 2121 639 T.
2182 576 2529 638 Flaminini

439 683 709 746 fratrem
755 685 830 746 L.
882 685 1318 747 Flamininum
1361 705 1398 747 e
1444 695 1676 748 senatu
1720 685 1996 747 eicerem
2043 694 2296 766 septem
2340 684 2528 747 annis

439 802 588 874 post
614 813 806 874 quam
840 793 1069 856 consul
1101 792 1357 871 fuisset,
1383 794 1501 855 sed
1532 794 1884 856 notandam
1919 794 2141 875 putavi
2173 793 2526 855 libidinem.

376 915 404 969 5
442 901 560 964 Ille
593 901 788 980 enim,
813 921 963 964 cum
995 911 1171 965 esset
1197 903 1444 980 consul,
1474 901 1540 964 in
1565 902 1775 965 Gallia
1800 911 2106 965 exoratus
2135 902 2202 963 in
2235 901 2529 963 convivio

439 1031 478 1073 a
515 1020 730 1073 scorto
773 1020 876 1073 est
921 1020 994 1073 ut
1038 1011 1249 1074 securi
1290 1011 1517 1074 feriret
1559 1011 1839 1093 aliquem
1882 1030 2106 1073 eorum
2146 1010 2255 1092 qui
2295 1010 2359 1071 in
2396 1009 2531 1071 vin-

439 1119 601 1183 culis
649 1129 872 1197 essent
915 1120 1206 1183 damnati
1253 1121 1345 1182 rei
1392 1119 1705 1201 capitalis,
1792 1119 1921 1181 Hic
1965 1118 2121 1181 Tito
2163 1118 2366 1181 fratre
2411 1138 2529 1180 suo
2592 1175 2598 1182 .

441 1248 728 1306 censore,
765 1229 873 1311 qui
912 1229 1242 1310 proximus
1279 1238 1434 1291 ante
1471 1247 1577 1290 me
1616 1229 1849 1305 fuerat,
1886 1227 2144 1309 elapsus
2184 1236 2327 1305 est;
2372 1226 2530 1288 mihi

439 1357 594 1400 vero
625 1347 692 1400 et
731 1337 964 1399 Flacco
997 1337 1373 1419 neutiquam
1405 1336 1664 1418 probari
1696 1336 1907 1418 potuit
1941 1345 2074 1398 tam
2110 1334 2431 1417 flagitiosa
2462 1344 2529 1396 et
2604 1332 2608 1336 ⁴

346 1468 407 1504 10
441 1455 576 1508 tam
608 1446 861 1527 perdita
890 1445 1107 1524 libido,
1143 1465 1308 1528 quae
1347 1465 1495 1507 cum
1536 1444 1774 1526 probro
1812 1444 2065 1527 privato
2104 1443 2529 1524 coniungeret

441 1554 670 1636 imperi
699 1554 1004 1617 dedecus,

531 1665 706 1724 XIII.
756 1670 853 1726 43.
906 1662 1118 1744 Saepe
1151 1662 1368 1725 audivi
1399 1682 1481 1725 ex
1511 1661 1862 1725 maioribus
1895 1671 2075 1740 natu,
2101 1661 2210 1743 qui
2236 1681 2307 1723 se
2339 1679 2531 1742 porro

441 1791 678 1854 pueros
715 1792 754 1834 a
793 1771 1056 1834 senibus
1093 1771 1352 1834 audisse
1389 1771 1713 1847 dicebant,
1749 1770 1965 1832 mirari
2005 1769 2268 1832 solitum
2304 1769 2379 1840 C.
2417 1770 2471 1830 F
2472 1788 2533 1830 a-

442 1879 732 1958 bricium,
774 1880 965 1962 quod,
1009 1899 1157 1942 cum
1201 1880 1370 1961 apud
1410 1899 1633 1960 regem
1675 1878 1994 1963 Pyrrhum
2033 1879 2288 1959 legatus
2332 1887 2527 1953 esset,

349 2008 408 2061 15
441 1988 728 2051 audisset
768 2008 806 2050 a
843 1988 1163 2051 Thessalo
1196 1988 1402 2051 Cinea
1438 2007 1585 2050 esse
1624 1987 1947 2070 quendam
1981 1985 2271 2048 Athenis
2311 1985 2421 2068 qui
2460 2005 2532 2047 se

444 2097 804 2178 sapientem
847 2097 1281 2179 profiteretur,
1323 2116 1603 2178 eumque
1647 2095 1861 2158 dicere
1904 2095 2121 2158 omnia
2159 2114 2323 2177 quae
2367 2093 2535 2156 face-

444 2225 661 2268 remus
700 2206 780 2269 ad
819 2206 1222 2288 voluptatem
1266 2225 1412 2269 esse
1456 2206 1816 2282 referenda.
1892 2203 2086 2286 Quod
2126 2224 2206 2266 ex
2244 2223 2324 2266 eo
2360 2203 2534 2266 audi-

443 2314 614 2377 entis
661 2314 776 2378 Μ’.
826 2315 1093 2378 Curium
1137 2324 1204 2376 et
1248 2314 1347 2377 Ti.
1396 2314 1876 2378 Coruncanium
1921 2322 2146 2394 optare
2190 2312 2416 2375 solitos
2460 2321 2533 2375 ut

445 2424 508 2486 id
543 2421 947 2486 Samnitibus
986 2423 1236 2505 ipsique
1274 2423 1521 2508 Pyrrho
1559 2423 2079 2508 persuaderetur,
2115 2419 2242 2504 qu’o
2280 2420 2533 2483 facilius

349 2561 412 2595 20
445 2531 616 2593 vinci
666 2540 954 2613 possent,
1008 2551 1156 2594 cum
1210 2551 1280 2594 se
1330 2530 1775 2612 voluptatibus
1824 2531 2181 2593 dedissent.
2263 2529 2534 2592 Vixerat

450 2640 566 2704 Μ’.
619 2639 853 2702 Curius
909 2659 1058 2702 cum
1114 2640 1180 2702 P.
1237 2639 1463 2717 Decio,
1517 2639 1627 2722 qui
1682 2639 2122 2721 quinquennio
2175 2647 2329 2701 ante
2385 2658 2534 2701 eum

449 2747 781 2809 consulem
825 2767 897 2809 se
934 2767 1052 2830 pro
1094 2768 1164 2811 re
1207 2747 1467 2830 publica
1504 2756 1735 2830 quarto
1779 2747 2122 2810 consulatu
2163 2747 2534 2809 devoverat.
2594 2791 2597 2793 Α

449 2855 659 2917 Norat
699 2850 976 2942 eundem
1017 2855 1369 2934 FabriciuS,
1405 2865 1594 2918 norat
1630 2855 2096 2931 CoruncaniuS,
2133 2854 2241 2937 qui
2275 2874 2423 2917 cum
2456 2874 2536 2916 ex

450 2984 567 3026 sua
606 2965 758 3041 vita,
805 2973 945 3026 tum
990 2984 1070 3026 ex
1114 2965 1252 3027 eius
1297 2963 1492 3046 qu'em
1535 2964 1680 3027 dico
1726 2963 1894 3025 Deci
1941 2963 2119 3026 facto
2168 2963 2536 3025 iudicabant

352 3101 379 3136 2
387 3098 414 3150 5
450 3092 595 3135 esse
627 3072 922 3154 profecto
955 3073 1194 3155 aliquid
1227 3082 1461 3135 natura
1496 3073 1839 3154 pulchrum
1878 3081 2075 3153 atque
2115 3071 2534 3153 praeclarum,

385 3239 388 3243 .
450 3181 620 3263 quod
654 3201 771 3244 sua
803 3191 1037 3262 sponte
1075 3189 1429 3263 peteretur,
1464 3181 1764 3263 quodque
1804 3189 2026 3261 spreta
2063 3188 2130 3242 et
2163 3187 2542 3260 contempta

450 3289 784 3370 voluptate
809 3290 1093 3371 optimus
1128 3289 1400 3371 quisque
1435 3299 1836 3371 sequeretur.

335 3416 408 3472 ‚f
542 3406 640 3462 44.
691 3399 990 3479 Quorsus
1023 3399 1221 3480 igitur
1253 3407 1387 3462 tam
1421 3399 1629 3461 multa
1657 3399 1740 3460 de
1763 3399 2147 3479 voluptate?
2206 3395 2378 3478 Quia
2410 3416 2542 3459 non

452 3507 646 3569 modo
677 3507 1068 3588 vituperatio
1100 3507 1294 3585 nulla,
1331 3507 1447 3569 sed
1480 3508 1676 3570 etiam
1719 3527 1972 3569 summa
2002 3506 2143 3569 laus
2184 3505 2543 3588 senectutis

358 3641 421 3692 30
455 3624 575 3691 est,
627 3616 797 3696 quod
848 3635 926 3677 ea
975 3615 1344 3696 voluptates
1397 3615 1607 3678 nullas
1659 3635 1897 3696 magno
1950 3635 2146 3696 opere
2196 3615 2543 3676 desiderat.

457 3724 654 3786 Caret
687 3723 893 3804 epulis
927 3724 1402 3806 exstructisque
1430 3723 1675 3786 mensis
1700 3732 1767 3785 et
1794 3722 2248 3805 frequentibus
2273 3721 2544 3804 poculis.
