2850 4284
409 257 494 322 30
613 297 620 306 .
1190 250 1301 305 ΟΝ
1351 251 1511 306 OLD
1553 250 1720 306 AGE
2166 251 2491 320 [engAr.

405 411 724 494 contingit
779 413 1305 477 adulescentibus
1360 414 1748 477 adversante
1802 424 1869 477 et
1924 424 2332 496 repugnante
2386 435 2493 478 na·

405 528 569 582 tura.
663 520 895 603 Itaque
949 521 1402 584 adulescentes
1458 522 1618 584 mihi
1672 523 1837 584 mori
1892 523 1983 584 sic
2038 523 2359 601 videntur,
2418 532 2491 586 ut

404 647 551 690 cum
607 648 813 709 aquae
867 629 1284 693 multitudine
1340 630 1639 693 flammae
1689 631 1787 694 vis
1842 631 2244 712 opprimitur,
2299 651 2490 694 senes

402 745 622 799 autem
657 737 748 799 sic
780 746 855 800 ut
888 757 1036 800 cum
1070 758 1188 801 sua
1220 748 1473 820 sponte,
1508 738 1685 801 nulla
1715 739 2003 802 adhibita
2033 739 2116 817 vi,
2152 759 2493 822 consump-

339 862 368 916 5
404 855 510 908 tus
544 845 713 927 ignis
745 847 1220 928 exstinguitur3
1269 856 1336 911 et
1364 848 1548 930 quasi
1580 867 1772 930 poma
1803 868 1883 911 ex
1906 847 2264 926 arboribuS,
2294 849 2491 911 cruda

403 954 460 1017 si
497 963 671 1032 sunt,
707 955 814 1017 vix
853 954 1237 1033 evelluntur,
1283 956 1338 1018 si
1377 965 1634 1019 matura
1671 965 1739 1019 et
1782 965 1985 1034 cocta,
2031 956 2359 1034 decidunt,
2396 957 2487 1018 sic

401 1063 601 1125 vitam
633 1063 1160 1126 adulescentibus
1184 1063 1282 1126 vis
1307 1064 1541 1142 aufert,
1572 1064 1836 1127 senibus
1869 1064 2231 1127 maturitas,
2301 1064 2489 1146 Quae

403 1171 662 1253 quidem
691 1172 851 1234 mihi
883 1181 1018 1234 tam
1051 1171 1332 1234 iucunda
1361 1181 1484 1250 est,
1520 1181 1611 1250 ut,
1640 1192 1768 1254 quo
1800 1172 2065 1254 propius
2096 1173 2178 1234 ad
2209 1182 2487 1235 mortem

402 1280 724 1358 accedam,
753 1280 935 1362 quasi
960 1288 1200 1342 terram
1232 1279 1452 1343 videre
1482 1280 1718 1358 videar,
1746 1280 2218 1362 aliquandoque
2250 1280 2316 1342 in
2348 1301 2491 1362 por-

306 1409 367 1445 ιο
401 1397 541 1451 tum
576 1408 656 1450 ex
688 1389 883 1470 longa
914 1385 1326 1470 navigatione
1357 1408 1505 1451 esse
1536 1398 1868 1452 venturus,

298 1487 307 1494 ’
348 1487 424 1506 ”⁸
492 1503 618 1560 XX.
675 1505 765 1561 72.
821 1497 1203 1561 Senectutis
1238 1507 1461 1561 autem
1495 1497 1711 1560 nullus
1744 1507 1847 1561 est
1884 1507 2109 1561 certus
2143 1499 2484 1577 terminus,

401 1615 713 1688 recteque
765 1607 833 1669 in
883 1627 962 1670 ea
1007 1607 1271 1686 vivitur,
1322 1606 1538 1688 quoad
1588 1627 1824 1669 munus
1873 1605 2046 1669 offici
2095 1607 2366 1688 exsequi
2417 1618 2487 1670 et

401 1715 571 1778 tueri
623 1716 840 1796 possis
899 1717 1337 1800 [mortemque
1390 1717 1866 1800 contemnere].
1948 1716 2049 1776 Ex
2102 1735 2232 1797 quo
2284 1715 2360 1778 fit
2411 1724 2527 1810 ut·

400 1823 755 1886 animosior
798 1824 998 1887 etiam
1042 1834 1351 1888 senectus
1396 1825 1483 1887 sit
1526 1845 1721 1907 quam
1764 1824 2214 1889 adulescentia
2250 1833 2319 1888 et
2358 1824 2487 1911 for-

305 1953 364 2006 15
400 1932 547 1994 tior.
628 1933 778 1996 Hoc
827 1932 987 1995 illud
1036 1943 1161 2011 est,
1215 1933 1388 2014 quod
1436 1933 1783 1995 Pisistrato
1830 1942 2111 2018 tyranno
2160 1953 2199 1994 a
2244 1932 2485 1996 Solone

401 2060 790 2122 responsum
833 2051 958 2118 est,
1005 2062 1158 2104 cum
1199 2041 1291 2104 illi
1337 2042 1699 2124 quaerenti,
1748 2061 1877 2125 qua
1924 2042 2193 2105 tandem
2243 2062 2312 2105 re
2361 2042 2487 2105 sre-

400 2159 510 2212 tus
559 2149 684 2212 sibi
734 2159 871 2212 tam
919 2151 1259 2214 audaciter
1305 2151 1683 2228 obsisteret,
1736 2151 2155 2232 respondisse
2204 2151 2484 2214 dicitur:

404 2257 850 2323 ‘Senectute’
937 2258 1068 2322 Sed
1126 2259 1390 2322 vivendi
1448 2268 1552 2323 est
1610 2259 1758 2322 finis
1814 2260 2128 2341 optimus,
2187 2280 2338 2322 cum
2395 2260 2485 2321 in-

401 2375 590 2447 tegra
627 2377 849 2429 mente
894 2368 1226 2449 certisque
1271 2368 1575 2431 sensibus
1620 2388 1786 2449 opus
1830 2367 1974 2449 ipsa
2017 2388 2209 2430 suum
2253 2369 2483 2432 eadem

301 2500 365 2536 20
401 2494 567 2556 quae
637 2477 1126 2556 coagmentavit
1194 2486 1431 2539 natura
1502 2476 1823 2539 dissolvit.
1924 2476 2024 2540 Ut
2088 2496 2343 2556 navem,
2410 2486 2484 2540 ut

399 2583 767 2646 aedificium
831 2583 1006 2646 idem
1063 2585 1347 2648 destruit
1403 2585 1715 2648 facillime
1774 2585 1884 2667 qui
1940 2586 2329 2664 construxit,
2389 2587 2481 2648 sic

398 2690 731 2753 hominem
775 2690 1004 2755 eadem
1049 2693 1295 2773 optime
1342 2713 1509 2775 quae
1554 2693 2034 2774 conglutinavit
2076 2704 2311 2757 natura
2358 2695 2484 2756 dis-

399 2799 613 2862 solvit.
687 2799 828 2861 Iam
853 2801 1065 2864 omnis
1099 2802 1573 2883 conglutinatio
1607 2823 1837 2866 recens
1870 2823 2088 2885 aegre,
2117 2803 2484 2867 inveterata

396 2907 591 2971 facile
618 2907 965 2972 divellitur.
1039 2911 1144 2972 Ita
1175 2912 1250 2973 fit
1275 2911 1534 2974 utillud
1568 2911 1768 2975 breve
1794 2912 1970 2975 vitae
2003 2912 2326 2994 reliquum
2360 2903 2481 2975 nec

301 3040 362 3094 25
397 3017 588 3080 avide
631 3017 1079 3099 adpetendum
1123 3018 1391 3082 senibus
1437 3040 1557 3083 nec
1609 3021 1750 3084 sine
1797 3039 1998 3083 causa
2044 3020 2481 3083 deserendum

369 3127 525 3206 ⁴sit;
570 3136 886 3210 vetatque
922 3127 1328 3212 Pythagoras
1364 3129 1616 3191 iniussu
1650 3129 2087 3210 imperatoriS,
2116 3129 2183 3191 id
2216 3138 2321 3192 est
2352 3129 2479 3207 dei,

397 3235 480 3298 de
514 3236 841 3317 praesidio
872 3245 942 3298 et
975 3236 1261 3299 statione
1294 3236 1471 3299 vitae
1505 3237 1847 3301 decedere.
1913 3244 2003 3300 73.
2058 3236 2320 3300 Solonis
2348 3237 2483 3318 qui-

398 3342 548 3405 dem
583 3344 899 3425 sapientis
932 3345 1375 3426 est-elogium,
1400 3366 1531 3427 quo
1564 3366 1636 3409 se
1669 3355 1870 3427 negat
1895 3345 2063 3409 velle
2098 3365 2286 3407 suam
2318 3365 2483 3407 mor-

398 3459 535 3512 tem
579 3451 801 3515 dolore
845 3453 1204 3516 amicorum
1249 3464 1316 3517 et
1361 3454 1665 3517 lamentis
1707 3473 1961 3518 vacare.
2042 3453 2225 3532 Volt,
2260 3452 2480 3531 cred0‚

299 3587 364 3637 30
399 3578 471 3621 se
503 3578 652 3622 esse
687 3579 910 3622 carum
945 3562 1120 3639 suis3
1173 3561 1289 3624 sed
1324 3562 1499 3625 haud
1557 3562 1695 3624 scio
1727 3582 1811 3624 an
1846 3562 2078 3624 melius
2117 3561 2412 3624 Ennius:

715 3692 899 3744 Nemo
925 3707 1014 3744 me
1041 3690 1304 3744 lacrumis
1330 3691 1573 3757 decoret,
1601 3709 1783 3762 neque
1810 3691 2009 3746 funera
2035 3691 2171 3746 fletu

716 3783 760 3834 F
765 3783 892 3836 axit.
