<?xml version="1.0" encoding="UTF-8"?>
<!DOCTYPE html PUBLIC "-//W3C//DTD XHTML 1.0 Transitional//EN"
    "http://www.w3.org/TR/xhtml1/DTD/xhtml1-transitional.dtd">
<html xmlns="http://www.w3.org/1999/xhtml" xml:lang="en" lang="en">
 <head>
  <title>
</title>
<meta http-equiv="Content-Type" content="text/html;charset=utf-8" />
  <meta name='ocr-system' content='tesseract 3.04.00' />
  <meta name='ocr-capabilities' content='ocr_page ocr_carea ocr_par ocr_line ocrx_word'/>
</head>
<body>
  <div class='ocr_page' id='page_1' title='image "./mtulliciceronis00allegoog_0041.png"; bbox 0 0 2850 4284; ppageno 0'>
   <div class='ocr_carea' id='block_1_1' title="bbox 383 295 2470 392">
    <p class='ocr_par' dir='ltr' id='par_1_1' title="bbox 383 295 2470 392">
     <span class='ocr_line' id='line_1_1' title="bbox 383 295 2470 392; baseline 0.005 -29"><span class='ocrx_word' id='word_1_1' title='bbox 383 316 606 382; x_wconf 80' lang='lat' dir='ltr'><strong>xlv.46]</strong></span> <span class='ocrx_word' id='word_1_2' title='bbox 775 295 1665 369; x_wconf 64' lang='lat' dir='ltr'><strong>COMPANIONSHIPS&#39;OF</strong></span> <span class='ocrx_word' id='word_1_3' title='bbox 1711 317 1881 367; x_wconf 92' lang='lat' dir='ltr'>THE</span> <span class='ocrx_word' id='word_1_4' title='bbox 1929 317 2088 369; x_wconf 92' lang='lat' dir='ltr'>OLD</span> <span class='ocrx_word' id='word_1_5' title='bbox 2390 329 2470 392; x_wconf 91' lang='lat'>19</span> 
     </span>
    </p>
   </div>
   <div class='ocr_carea' id='block_1_2' title="bbox 371 477 2661 3520">
    <p class='ocr_par' dir='ltr' id='par_1_2' title="bbox 371 477 2661 2939">
     <span class='ocr_line' id='line_1_2' title="bbox 387 477 2467 561; baseline 0 -20"><span class='ocrx_word' id='word_1_6' title='bbox 387 479 582 542; x_wconf 83' lang='lat' dir='ltr'>Caret</span> <span class='ocrx_word' id='word_1_7' title='bbox 635 498 792 561; x_wconf 91' lang='lat' dir='ltr'>ergo</span> <span class='ocrx_word' id='word_1_8' title='bbox 843 478 1040 541; x_wconf 93' lang='lat' dir='ltr'>etiam</span> <span class='ocrx_word' id='word_1_9' title='bbox 1091 477 1451 540; x_wconf 86' lang='lat' dir='ltr'>vinulentia</span> <span class='ocrx_word' id='word_1_10' title='bbox 1500 487 1567 540; x_wconf 92' lang='lat' dir='ltr'>et</span> <span class='ocrx_word' id='word_1_11' title='bbox 1620 478 1939 541; x_wconf 89' lang='lat' dir='ltr'>cruditate</span> <span class='ocrx_word' id='word_1_12' title='bbox 1991 488 2058 541; x_wconf 98' lang='lat' dir='ltr'>et</span> <span class='ocrx_word' id='word_1_13' title='bbox 2108 479 2467 543; x_wconf 82' lang='lat' dir='ltr'>insomniis,</span> 
     </span>
     <span class='ocr_line' id='line_1_3' title="bbox 383 586 2473 669; baseline 0.001 -19"><span class='ocrx_word' id='word_1_14' title='bbox 383 586 515 650; x_wconf 90' lang='lat' dir='ltr'>Sed</span> <span class='ocrx_word' id='word_1_15' title='bbox 557 587 612 649; x_wconf 91' lang='lat' dir='ltr'>si</span> <span class='ocrx_word' id='word_1_16' title='bbox 650 587 888 669; x_wconf 90' lang='lat' dir='ltr'>aliquid</span> <span class='ocrx_word' id='word_1_17' title='bbox 925 587 1210 648; x_wconf 90' lang='lat' dir='ltr'>dandum</span> <span class='ocrx_word' id='word_1_18' title='bbox 1251 596 1352 648; x_wconf 93' lang='lat' dir='ltr'>est</span> <span class='ocrx_word' id='word_1_19' title='bbox 1391 586 1729 668; x_wconf 89' lang='lat' dir='ltr'>voluptati,</span> <span class='ocrx_word' id='word_1_20' title='bbox 1772 587 2074 669; x_wconf 91' lang='lat' dir='ltr'>quoniam</span> <span class='ocrx_word' id='word_1_21' title='bbox 2119 588 2257 650; x_wconf 93' lang='lat' dir='ltr'>eius</span> <span class='ocrx_word' id='word_1_22' title='bbox 2294 587 2473 652; x_wconf 89' lang='lat' dir='ltr'>blan-</span> 
     </span>
     <span class='ocr_line' id='line_1_4' title="bbox 379 694 2469 772; baseline 0 -14"><span class='ocrx_word' id='word_1_23' title='bbox 379 695 553 759; x_wconf 92' lang='lat' dir='ltr'>ditiis</span> <span class='ocrx_word' id='word_1_24' title='bbox 599 715 731 757; x_wconf 93' lang='lat' dir='ltr'>non</span> <span class='ocrx_word' id='word_1_25' title='bbox 774 694 964 757; x_wconf 84' lang='lat' dir='ltr'>facile</span> <span class='ocrx_word' id='word_1_26' title='bbox 1009 694 1406 772; x_wconf 89' lang='lat' dir='ltr'>obsistimus,</span> <span class='ocrx_word' id='word_1_27' title='bbox 1435 695 1761 757; x_wconf 88' lang='lat' dir='ltr'>—divine</span> <span class='ocrx_word' id='word_1_28' title='bbox 1805 695 1978 758; x_wconf 92' lang='lat' dir='ltr'>enim</span> <span class='ocrx_word' id='word_1_29' title='bbox 2025 695 2208 759; x_wconf 93' lang='lat' dir='ltr'>Plato</span> <span class='ocrx_word' id='word_1_30' title='bbox 2251 716 2469 759; x_wconf 90' lang='lat' dir='ltr'>escam</span> 
     </span>
     <span class='ocr_line' id='line_1_5' title="bbox 371 803 2472 885; baseline 0 -19"><span class='ocrx_word' id='word_1_31' title='bbox 371 804 698 866; x_wconf 92' lang='lat' dir='ltr'>&#39;malorum</span> <span class='ocrx_word' id='word_1_32' title='bbox 751 803 1034 884; x_wconf 88' lang='lat' dir='ltr'>appellat</span> <span class='ocrx_word' id='word_1_33' title='bbox 1086 804 1506 884; x_wconf 90' lang='lat' dir='ltr'>voluptatem,</span> <span class='ocrx_word' id='word_1_34' title='bbox 1561 803 1733 885; x_wconf 94' lang='lat' dir='ltr'>quod</span> <span class='ocrx_word' id='word_1_35' title='bbox 1789 823 1867 866; x_wconf 89' lang='lat' dir='ltr'>ea</span> <span class='ocrx_word' id='word_1_36' title='bbox 1916 803 2214 867; x_wconf 88' lang='lat' dir='ltr'>videlicet</span> <span class='ocrx_word' id='word_1_37' title='bbox 2269 805 2472 867; x_wconf 92' lang='lat' dir='ltr'>homi-</span> 
     </span>
     <span class='ocr_line' id='line_1_6' title="bbox 381 911 2569 995; baseline 0 -21"><span class='ocrx_word' id='word_1_38' title='bbox 381 932 499 975; x_wconf 85' lang='lat' dir='ltr'>nes</span> <span class='ocrx_word' id='word_1_39' title='bbox 532 911 871 993; x_wconf 83' lang='lat' dir='ltr'>capiantur</span> <span class='ocrx_word' id='word_1_40' title='bbox 903 920 974 974; x_wconf 92' lang='lat' dir='ltr'>ut</span> <span class='ocrx_word' id='word_1_41' title='bbox 1007 911 1345 992; x_wconf 82' lang='lat' dir='ltr'>pisceS,—</span> <span class='ocrx_word' id='word_1_42' title='bbox 1364 931 1753 994; x_wconf 90' lang='lat' dir='ltr'>quamquam</span> <span class='ocrx_word' id='word_1_43' title='bbox 1787 912 2229 976; x_wconf 87' lang='lat' dir='ltr'>immoderatis</span> <span class='ocrx_word' id='word_1_44' title='bbox 2262 913 2468 995; x_wconf 90' lang='lat' dir='ltr'>epulis</span> <span class='ocrx_word' id='word_1_45' title='bbox 2542 930 2569 984; x_wconf 85' lang='grc'><strong><em>5</em></strong></span> 
     </span>
     <span class='ocr_line' id='line_1_7' title="bbox 380 1005 2462 1103; baseline 0 -21"><span class='ocrx_word' id='word_1_46' title='bbox 380 1005 556 1083; x_wconf 90' lang='lat' dir='ltr'>caret</span> <span class='ocrx_word' id='word_1_47' title='bbox 596 1029 921 1096; x_wconf 78' lang='lat' dir='ltr'>senectUS,</span> <span class='ocrx_word' id='word_1_48' title='bbox 958 1019 1228 1099; x_wconf 85' lang='lat' dir='ltr'>modicis</span> <span class='ocrx_word' id='word_1_49' title='bbox 1268 1029 1491 1082; x_wconf 89' lang='lat' dir='ltr'>tamen</span> <span class='ocrx_word' id='word_1_50' title='bbox 1530 1009 1837 1082; x_wconf 90' lang='lat' dir='ltr'>conviviis</span> <span class='ocrx_word' id='word_1_51' title='bbox 1876 1021 2185 1083; x_wconf 90' lang='lat' dir='ltr'>delectari</span> <span class='ocrx_word' id='word_1_52' title='bbox 2222 1031 2462 1103; x_wconf 92' lang='lat' dir='ltr'>potest.</span> 
     </span>
     <span class='ocr_line' id='line_1_8' title="bbox 384 1127 2471 1210; baseline 0 -18"><span class='ocrx_word' id='word_1_53' title='bbox 384 1129 458 1192; x_wconf 91' lang='lat' dir='ltr'>C.</span> <span class='ocrx_word' id='word_1_54' title='bbox 496 1127 848 1205; x_wconf 91' lang='lat' dir='ltr'>Duellium,</span> <span class='ocrx_word' id='word_1_55' title='bbox 889 1127 1094 1190; x_wconf 90' lang='lat' dir='ltr'>Marci</span> <span class='ocrx_word' id='word_1_56' title='bbox 1133 1127 1354 1205; x_wconf 92' lang='lat' dir='ltr'>filium,</span> <span class='ocrx_word' id='word_1_57' title='bbox 1399 1128 1508 1210; x_wconf 93' lang='lat' dir='ltr'>qui</span> <span class='ocrx_word' id='word_1_58' title='bbox 1544 1129 1795 1191; x_wconf 90' lang='lat' dir='ltr'>Poenos</span> <span class='ocrx_word' id='word_1_59' title='bbox 1833 1129 2041 1192; x_wconf 92' lang='lat' dir='ltr'>classe</span> <span class='ocrx_word' id='word_1_60' title='bbox 2080 1130 2325 1210; x_wconf 88' lang='lat' dir='ltr'>primus</span> <span class='ocrx_word' id='word_1_61' title='bbox 2364 1130 2471 1192; x_wconf 94' lang='lat' dir='ltr'>de-</span> 
     </span>
     <span class='ocr_line' id='line_1_9' title="bbox 379 1227 2470 1320; baseline 0.001 -22"><span class='ocrx_word' id='word_1_62' title='bbox 379 1237 640 1313; x_wconf 91' lang='lat' dir='ltr'>vicerat,</span> <span class='ocrx_word' id='word_1_63' title='bbox 688 1227 1072 1299; x_wconf 88' lang='lat' dir='ltr'>redeuntem</span> <span class='ocrx_word' id='word_1_64' title='bbox 1115 1255 1155 1297; x_wconf 86' lang='lat' dir='ltr'>a</span> <span class='ocrx_word' id='word_1_65' title='bbox 1198 1255 1359 1298; x_wconf 93' lang='lat' dir='ltr'>cena</span> <span class='ocrx_word' id='word_1_66' title='bbox 1407 1256 1630 1299; x_wconf 92' lang='lat' dir='ltr'>senem</span> <span class='ocrx_word' id='word_1_67' title='bbox 1682 1257 1876 1319; x_wconf 89' lang='lat' dir='ltr'>saepe</span> <span class='ocrx_word' id='word_1_68' title='bbox 1922 1237 2221 1300; x_wconf 90' lang='lat' dir='ltr'>videbam</span> <span class='ocrx_word' id='word_1_69' title='bbox 2268 1259 2470 1320; x_wconf 92' lang='lat' dir='ltr'>puer;</span> 
     </span>
     <span class='ocr_line' id='line_1_10' title="bbox 378 1343 2591 1427; baseline 0.001 -20"><span class='ocrx_word' id='word_1_70' title='bbox 378 1343 824 1407; x_wconf 87' lang='lat' dir='ltr'>delectabatur</span> <span class='ocrx_word' id='word_1_71' title='bbox 867 1363 1056 1406; x_wconf 91' lang='lat' dir='ltr'>cereo</span> <span class='ocrx_word' id='word_1_72' title='bbox 1098 1344 1302 1407; x_wconf 84' lang='lat' dir='ltr'>funali</span> <span class='ocrx_word' id='word_1_73' title='bbox 1345 1354 1412 1406; x_wconf 93' lang='lat' dir='ltr'>et</span> <span class='ocrx_word' id='word_1_74' title='bbox 1457 1345 1738 1422; x_wconf 86' lang='lat' dir='ltr'>tibicine,</span> <span class='ocrx_word' id='word_1_75' title='bbox 1783 1363 1945 1427; x_wconf 85' lang='lat' dir='ltr'>quae</span> <span class='ocrx_word' id='word_1_76' title='bbox 1990 1346 2113 1408; x_wconf 93' lang='lat' dir='ltr'>sibi</span> <span class='ocrx_word' id='word_1_77' title='bbox 2152 1347 2329 1409; x_wconf 94' lang='lat' dir='ltr'>nullo</span> <span class='ocrx_word' id='word_1_78' title='bbox 2368 1367 2470 1410; x_wconf 88' lang='lat' dir='ltr'>ex·</span> <span class='ocrx_word' id='word_1_79' title='bbox 2587 1421 2591 1426; x_wconf 26' lang='grc' dir='ltr'>Ι</span> 
     </span>
     <span class='ocr_line' id='line_1_11' title="bbox 379 1453 2570 1537; baseline 0.001 -21"><span class='ocrx_word' id='word_1_80' title='bbox 379 1453 595 1534; x_wconf 93' lang='lat' dir='ltr'>emplo</span> <span class='ocrx_word' id='word_1_81' title='bbox 627 1453 916 1534; x_wconf 89' lang='lat' dir='ltr'>privatus</span> <span class='ocrx_word' id='word_1_82' title='bbox 949 1462 1316 1534; x_wconf 89' lang='lat' dir='ltr'>sumpserat</span> <span class='ocrx_word' id='word_1_83' title='bbox 1341 1475 1356 1530; x_wconf 93' lang='lat'>;</span> <span class='ocrx_word' id='word_1_84' title='bbox 1396 1462 1653 1516; x_wconf 92' lang='lat' dir='ltr'>tantum</span> <span class='ocrx_word' id='word_1_85' title='bbox 1687 1454 1985 1517; x_wconf 89' lang='lat' dir='ltr'>licentiae</span> <span class='ocrx_word' id='word_1_86' title='bbox 2016 1454 2212 1518; x_wconf 93' lang='lat' dir='ltr'>dabat</span> <span class='ocrx_word' id='word_1_87' title='bbox 2244 1455 2466 1537; x_wconf 89' lang='lat' dir='ltr'>gloria.</span> <span class='ocrx_word' id='word_1_88' title='bbox 2509 1483 2570 1520; x_wconf 92' lang='lat'>10</span> 
     </span>
     <span class='ocr_line' id='line_1_12' title="bbox 380 1559 2466 1642; baseline 0 -17"><span class='ocrx_word' id='word_1_89' title='bbox 380 1570 477 1625; x_wconf 82' lang='lat'>45.</span> <span class='ocrx_word' id='word_1_90' title='bbox 529 1559 661 1623; x_wconf 89' lang='lat' dir='ltr'>Sed</span> <span class='ocrx_word' id='word_1_91' title='bbox 719 1561 873 1642; x_wconf 92' lang='lat' dir='ltr'>quid</span> <span class='ocrx_word' id='word_1_92' title='bbox 927 1580 1052 1641; x_wconf 90' lang='lat' dir='ltr'>ego</span> <span class='ocrx_word' id='word_1_93' title='bbox 1107 1560 1313 1624; x_wconf 87' lang='lat' dir='ltr'>alios?</span> <span class='ocrx_word' id='word_1_94' title='bbox 1409 1561 1521 1624; x_wconf 89' lang='lat' dir='ltr'>Ad</span> <span class='ocrx_word' id='word_1_95' title='bbox 1571 1581 1675 1624; x_wconf 94' lang='lat' dir='ltr'>me</span> <span class='ocrx_word' id='word_1_96' title='bbox 1723 1562 1934 1642; x_wconf 92' lang='lat' dir='ltr'>ipsum</span> <span class='ocrx_word' id='word_1_97' title='bbox 1984 1563 2110 1625; x_wconf 92' lang='lat' dir='ltr'>iam</span> <span class='ocrx_word' id='word_1_98' title='bbox 2158 1574 2466 1627; x_wconf 90' lang='lat' dir='ltr'>revertar.</span> 
     </span>
     <span class='ocr_line' id='line_1_13' title="bbox 383 1667 2468 1750; baseline 0.002 -20"><span class='ocrx_word' id='word_1_99' title='bbox 383 1670 667 1731; x_wconf 92' lang='lat' dir='ltr'>Primum</span> <span class='ocrx_word' id='word_1_100' title='bbox 723 1667 919 1731; x_wconf 89' lang='lat' dir='ltr'>habui</span> <span class='ocrx_word' id='word_1_101' title='bbox 975 1689 1235 1750; x_wconf 90' lang='lat' dir='ltr'>semper</span> <span class='ocrx_word' id='word_1_102' title='bbox 1291 1669 1550 1732; x_wconf 92' lang='lat' dir='ltr'>sodalis.</span> <span class='ocrx_word' id='word_1_103' title='bbox 1643 1669 2036 1734; x_wconf 87' lang='lat' dir='ltr'>Sodalitates</span> <span class='ocrx_word' id='word_1_104' title='bbox 2090 1682 2312 1735; x_wconf 90' lang='lat' dir='ltr'>autem</span> <span class='ocrx_word' id='word_1_105' title='bbox 2364 1692 2468 1735; x_wconf 92' lang='lat' dir='ltr'>me</span> 
     </span>
     <span class='ocr_line' id='line_1_14' title="bbox 381 1777 2467 1861; baseline 0.001 -22"><span class='ocrx_word' id='word_1_106' title='bbox 381 1786 725 1860; x_wconf 90' lang='lat' dir='ltr'>quaestore</span> <span class='ocrx_word' id='word_1_107' title='bbox 764 1777 1161 1839; x_wconf 87' lang='lat' dir='ltr'>constitutae</span> <span class='ocrx_word' id='word_1_108' title='bbox 1202 1787 1374 1854; x_wconf 91' lang='lat' dir='ltr'>sunt,</span> <span class='ocrx_word' id='word_1_109' title='bbox 1419 1778 1619 1840; x_wconf 91' lang='lat' dir='ltr'>sacris</span> <span class='ocrx_word' id='word_1_110' title='bbox 1662 1778 1873 1841; x_wconf 87' lang='lat' dir='ltr'>Idaeis</span> <span class='ocrx_word' id='word_1_111' title='bbox 1915 1779 2198 1861; x_wconf 86' lang='lat' dir='ltr'>Magnae</span> <span class='ocrx_word' id='word_1_112' title='bbox 2234 1782 2467 1843; x_wconf 91' lang='lat' dir='ltr'>Matris</span> 
     </span>
     <span class='ocr_line' id='line_1_15' title="bbox 379 1885 2467 1967; baseline 0.002 -19"><span class='ocrx_word' id='word_1_113' title='bbox 379 1885 684 1966; x_wconf 79' lang='lat' dir='ltr'>acceptis,</span> <span class='ocrx_word' id='word_1_114' title='bbox 753 1885 1082 1967; x_wconf 91' lang='lat' dir='ltr'>Epulabar</span> <span class='ocrx_word' id='word_1_115' title='bbox 1115 1886 1313 1967; x_wconf 88' lang='lat' dir='ltr'>igitur</span> <span class='ocrx_word' id='word_1_116' title='bbox 1351 1906 1500 1949; x_wconf 91' lang='lat' dir='ltr'>cum</span> <span class='ocrx_word' id='word_1_117' title='bbox 1542 1887 1868 1951; x_wconf 92' lang='lat' dir='ltr'>sodalibus</span> <span class='ocrx_word' id='word_1_118' title='bbox 1901 1889 2165 1952; x_wconf 91' lang='lat' dir='ltr'>omnino</span> <span class='ocrx_word' id='word_1_119' title='bbox 2198 1890 2467 1967; x_wconf 93' lang='lat' dir='ltr'>modice,</span> 
     </span>
     <span class='ocr_line' id='line_1_16' title="bbox 381 1993 2565 2078; baseline 0.001 -22"><span class='ocrx_word' id='word_1_120' title='bbox 381 1994 495 2057; x_wconf 93' lang='lat' dir='ltr'>sed</span> <span class='ocrx_word' id='word_1_121' title='bbox 539 2002 678 2055; x_wconf 87' lang='lat' dir='ltr'>erat</span> <span class='ocrx_word' id='word_1_122' title='bbox 724 1993 1006 2074; x_wconf 80' lang='lat' dir='ltr'>quidam·</span> <span class='ocrx_word' id='word_1_123' title='bbox 1027 1993 1245 2055; x_wconf 85' lang='lat' dir='ltr'>fervor</span> <span class='ocrx_word' id='word_1_124' title='bbox 1286 1995 1541 2072; x_wconf 84' lang='lat' dir='ltr'>aetatiS,</span> <span class='ocrx_word' id='word_1_125' title='bbox 1585 2016 1711 2077; x_wconf 92' lang='lat' dir='ltr'>qua</span> <span class='ocrx_word' id='word_1_126' title='bbox 1754 1998 2211 2078; x_wconf 85' lang='lat' dir='ltr'>progrediente</span> <span class='ocrx_word' id='word_1_127' title='bbox 2254 1998 2469 2060; x_wconf 90' lang='lat' dir='ltr'>omnia</span> <span class='ocrx_word' id='word_1_128' title='bbox 2510 2021 2565 2074; x_wconf 86' lang='lat'>15</span> 
     </span>
     <span class='ocr_line' id='line_1_17' title="bbox 381 2101 2465 2186; baseline 0.002 -22"><span class='ocrx_word' id='word_1_129' title='bbox 381 2103 547 2164; x_wconf 92' lang='lat' dir='ltr'>fiunt</span> <span class='ocrx_word' id='word_1_130' title='bbox 581 2101 648 2164; x_wconf 91' lang='lat' dir='ltr'>in</span> <span class='ocrx_word' id='word_1_131' title='bbox 679 2101 818 2164; x_wconf 89' lang='lat' dir='ltr'>dies</span> <span class='ocrx_word' id='word_1_132' title='bbox 859 2102 1150 2167; x_wconf 78' lang='lat' dir='ltr'>mitiora.⁴</span> <span class='ocrx_word' id='word_1_133' title='bbox 1211 2103 1447 2185; x_wconf 91' lang='lat' dir='ltr'>Neque</span> <span class='ocrx_word' id='word_1_134' title='bbox 1489 2104 1663 2166; x_wconf 92' lang='lat' dir='ltr'>enim</span> <span class='ocrx_word' id='word_1_135' title='bbox 1702 2104 1989 2186; x_wconf 91' lang='lat' dir='ltr'>ipsorum</span> <span class='ocrx_word' id='word_1_136' title='bbox 2029 2106 2465 2169; x_wconf 85' lang='lat' dir='ltr'>conviviorum</span> 
     </span>
     <span class='ocr_line' id='line_1_18' title="bbox 378 2209 2468 2301; baseline 0.003 -29"><span class='ocrx_word' id='word_1_137' title='bbox 378 2209 880 2273; x_wconf 90' lang='lat' dir='ltr'>delectationem</span> <span class='ocrx_word' id='word_1_138' title='bbox 931 2210 1375 2292; x_wconf 91' lang='lat' dir='ltr'>voluptatibus</span> <span class='ocrx_word' id='word_1_139' title='bbox 1429 2213 1715 2294; x_wconf 91' lang='lat' dir='ltr'>corporis</span> <span class='ocrx_word' id='word_1_140' title='bbox 1770 2214 2005 2301; x_wconf 31' lang='lat' dir='ltr'>magis·</span> <span class='ocrx_word' id='word_1_141' title='bbox 2030 2235 2224 2296; x_wconf 93' lang='lat' dir='ltr'>quam</span> <span class='ocrx_word' id='word_1_142' title='bbox 2276 2225 2468 2278; x_wconf 93' lang='lat' dir='ltr'>coetu</span> 
     </span>
     <span class='ocr_line' id='line_1_19' title="bbox 380 2318 2467 2386; baseline 0.002 -6"><span class='ocrx_word' id='word_1_143' title='bbox 380 2319 732 2381; x_wconf 89' lang='lat' dir='ltr'>amicorum</span> <span class='ocrx_word' id='word_1_144' title='bbox 779 2327 846 2380; x_wconf 92' lang='lat' dir='ltr'>et</span> <span class='ocrx_word' id='word_1_145' title='bbox 891 2318 1298 2382; x_wconf 90' lang='lat' dir='ltr'>sermonibus</span> <span class='ocrx_word' id='word_1_146' title='bbox 1342 2320 1678 2383; x_wconf 92' lang='lat' dir='ltr'>metiebar.</span> <span class='ocrx_word' id='word_1_147' title='bbox 1754 2322 1932 2384; x_wconf 92' lang='lat' dir='ltr'>Bene</span> <span class='ocrx_word' id='word_1_148' title='bbox 1975 2323 2148 2385; x_wconf 93' lang='lat' dir='ltr'>enim</span> <span class='ocrx_word' id='word_1_149' title='bbox 2193 2323 2467 2386; x_wconf 90' lang='lat' dir='ltr'>maiores</span> 
     </span>
     <span class='ocr_line' id='line_1_20' title="bbox 381 2425 2471 2512; baseline 0.002 -23"><span class='ocrx_word' id='word_1_150' title='bbox 381 2425 854 2489; x_wconf 87' lang='lat' dir='ltr'>accubitionem</span> <span class='ocrx_word' id='word_1_151' title='bbox 909 2427 1240 2508; x_wconf 89' lang='lat' dir='ltr'>epularem</span> <span class='ocrx_word' id='word_1_152' title='bbox 1302 2429 1674 2508; x_wconf 87' lang='lat' dir='ltr'>amicorum,</span> <span class='ocrx_word' id='word_1_153' title='bbox 1734 2431 1884 2512; x_wconf 89' lang='lat' dir='ltr'>quia</span> <span class='ocrx_word' id='word_1_154' title='bbox 1936 2431 2107 2494; x_wconf 88' lang='lat' dir='ltr'>vitae</span> <span class='ocrx_word' id='word_1_155' title='bbox 2172 2432 2471 2494; x_wconf 91' lang='lat' dir='ltr'>coniunc-</span> 
     </span>
     <span class='ocr_line' id='line_1_21' title="bbox 383 2533 2661 2622; baseline 0 -25"><span class='ocrx_word' id='word_1_156' title='bbox 383 2534 626 2597; x_wconf 92' lang='lat' dir='ltr'>tionem</span> <span class='ocrx_word' id='word_1_157' title='bbox 668 2533 958 2612; x_wconf 91' lang='lat' dir='ltr'>haberet,</span> <span class='ocrx_word' id='word_1_158' title='bbox 1005 2535 1370 2598; x_wconf 88' lang='lat' dir='ltr'>convivium</span> <span class='ocrx_word' id='word_1_159' title='bbox 1419 2538 1955 2617; x_wconf 86' lang='lat' dir='ltr'>nominaverunt3</span> <span class='ocrx_word' id='word_1_160' title='bbox 1999 2538 2231 2602; x_wconf 92' lang='lat' dir='ltr'>melius</span> <span class='ocrx_word' id='word_1_161' title='bbox 2275 2559 2465 2622; x_wconf 92' lang='lat' dir='ltr'>quam</span> <span class='ocrx_word' id='word_1_162' title='bbox 2505 2563 2569 2598; x_wconf 88' lang='lat'>20</span> <span class='ocrx_word' id='word_1_163' title='bbox 2658 2615 2661 2620; x_wconf 21' lang='grc' dir='ltr'>Ι</span> 
     </span>
     <span class='ocr_line' id='line_1_22' title="bbox 385 2641 2469 2726; baseline 0.002 -21"><span class='ocrx_word' id='word_1_164' title='bbox 385 2641 617 2705; x_wconf 90' lang='lat' dir='ltr'>Graeci</span> <span class='ocrx_word' id='word_1_165' title='bbox 661 2642 772 2725; x_wconf 93' lang='lat' dir='ltr'>qui</span> <span class='ocrx_word' id='word_1_166' title='bbox 815 2644 938 2705; x_wconf 95' lang='lat' dir='ltr'>hoc</span> <span class='ocrx_word' id='word_1_167' title='bbox 983 2643 1154 2706; x_wconf 92' lang='lat' dir='ltr'>idem</span> <span class='ocrx_word' id='word_1_168' title='bbox 1199 2652 1338 2706; x_wconf 94' lang='lat' dir='ltr'>tum</span> <span class='ocrx_word' id='word_1_169' title='bbox 1384 2646 1935 2726; x_wconf 89' lang='lat' dir='ltr'>compotationem</span> <span class='ocrx_word' id='word_1_170' title='bbox 1979 2656 2120 2709; x_wconf 94' lang='lat' dir='ltr'>tum</span> <span class='ocrx_word' id='word_1_171' title='bbox 2160 2667 2469 2710; x_wconf 90' lang='lat' dir='ltr'>concena-</span> 
     </span>
     <span class='ocr_line' id='line_1_23' title="bbox 383 2751 2467 2862; baseline 0.003 -50"><span class='ocrx_word' id='word_1_172' title='bbox 383 2751 626 2812; x_wconf 89' lang='lat' dir='ltr'>tionem</span> <span class='ocrx_word' id='word_1_173' title='bbox 669 2759 947 2829; x_wconf 84' lang='lat' dir='ltr'>vocant3</span> <span class='ocrx_word' id='word_1_174' title='bbox 1003 2760 1076 2813; x_wconf 94' lang='lat' dir='ltr'>ut</span> <span class='ocrx_word' id='word_1_175' title='bbox 1122 2752 1294 2834; x_wconf 93' lang='lat' dir='ltr'>quod</span> <span class='ocrx_word' id='word_1_176' title='bbox 1338 2752 1405 2815; x_wconf 91' lang='lat' dir='ltr'>in</span> <span class='ocrx_word' id='word_1_177' title='bbox 1449 2772 1527 2815; x_wconf 95' lang='lat' dir='ltr'>eo</span> <span class='ocrx_word' id='word_1_178' title='bbox 1574 2773 1815 2835; x_wconf 87' lang='lat' dir='ltr'>genere</span> <span class='ocrx_word' id='word_1_179' title='bbox 1863 2755 2202 2862; x_wconf 86' lang='lat' dir='ltr'>minimum</span> <span class='ocrx_word' id='word_1_180' title='bbox 2250 2765 2352 2818; x_wconf 92' lang='lat' dir='ltr'>est</span> <span class='ocrx_word' id='word_1_181' title='bbox 2404 2756 2467 2818; x_wconf 94' lang='lat' dir='ltr'>id</span> 
     </span>
     <span class='ocr_line' id='line_1_24' title="bbox 382 2857 1390 2939; baseline 0.002 -19"><span class='ocrx_word' id='word_1_182' title='bbox 382 2859 658 2921; x_wconf 88' lang='lat' dir='ltr'>maxime</span> <span class='ocrx_word' id='word_1_183' title='bbox 707 2857 982 2939; x_wconf 92' lang='lat' dir='ltr'>probare</span> <span class='ocrx_word' id='word_1_184' title='bbox 1029 2860 1390 2924; x_wconf 91' lang='lat' dir='ltr'>videantur.</span> 
     </span>
    </p>

    <p class='ocr_par' dir='ltr' id='par_1_3' title="bbox 381 2967 2567 3501">
     <span class='ocr_line' id='line_1_25' title="bbox 472 2967 2467 3050; baseline 0.004 -22"><span class='ocrx_word' id='word_1_185' title='bbox 472 2972 635 3029; x_wconf 92' lang='lat' dir='ltr'><strong>XIV.</strong></span> <span class='ocrx_word' id='word_1_186' title='bbox 684 2975 780 3030; x_wconf 83' lang='lat'>46.</span> <span class='ocrx_word' id='word_1_187' title='bbox 835 2967 980 3049; x_wconf 93' lang='lat' dir='ltr'>Ego</span> <span class='ocrx_word' id='word_1_188' title='bbox 1042 2987 1197 3030; x_wconf 92' lang='lat' dir='ltr'>vero</span> <span class='ocrx_word' id='word_1_189' title='bbox 1259 2979 1526 3050; x_wconf 91' lang='lat' dir='ltr'>propter</span> <span class='ocrx_word' id='word_1_190' title='bbox 1588 2971 1906 3034; x_wconf 91' lang='lat' dir='ltr'>sermonis</span> <span class='ocrx_word' id='word_1_191' title='bbox 1969 2972 2467 3036; x_wconf 90' lang='lat' dir='ltr'>delectationem</span> 
     </span>
     <span class='ocr_line' id='line_1_26' title="bbox 383 3075 2567 3162; baseline 0.002 -26"><span class='ocrx_word' id='word_1_192' title='bbox 383 3075 790 3156; x_wconf 91' lang='lat' dir='ltr'>tempestivis</span> <span class='ocrx_word' id='word_1_193' title='bbox 835 3095 1091 3157; x_wconf 92' lang='lat' dir='ltr'>quoque</span> <span class='ocrx_word' id='word_1_194' title='bbox 1135 3077 1444 3139; x_wconf 88' lang='lat' dir='ltr'>conviviis</span> <span class='ocrx_word' id='word_1_195' title='bbox 1487 3078 1793 3157; x_wconf 90' lang='lat' dir='ltr'>delector,</span> <span class='ocrx_word' id='word_1_196' title='bbox 1839 3099 1960 3142; x_wconf 91' lang='lat' dir='ltr'>nec</span> <span class='ocrx_word' id='word_1_197' title='bbox 2005 3100 2152 3143; x_wconf 91' lang='lat' dir='ltr'>cum</span> <span class='ocrx_word' id='word_1_198' title='bbox 2196 3080 2471 3162; x_wconf 87' lang='lat' dir='ltr'>aequali·</span> <span class='ocrx_word' id='word_1_199' title='bbox 2505 3106 2533 3140; x_wconf 89' lang='lat'><strong>2</strong></span> <span class='ocrx_word' id='word_1_200' title='bbox 2541 3104 2567 3157; x_wconf 87' lang='lat'><strong>5</strong></span> 
     </span>
     <span class='ocr_line' id='line_1_27' title="bbox 383 3165 2470 3264; baseline 0.003 -20"><span class='ocrx_word' id='word_1_201' title='bbox 383 3182 504 3245; x_wconf 90' lang='lat' dir='ltr'>bus</span> <span class='ocrx_word' id='word_1_202' title='bbox 550 3183 778 3260; x_wconf 90' lang='lat' dir='ltr'>solum,</span> <span class='ocrx_word' id='word_1_203' title='bbox 821 3183 931 3264; x_wconf 92' lang='lat' dir='ltr'>qui</span> <span class='ocrx_word' id='word_1_204' title='bbox 970 3165 1158 3264; x_wconf 85' lang='lat' dir='ltr'>pauci</span> <span class='ocrx_word' id='word_1_205' title='bbox 1200 3183 1547 3248; x_wconf 92' lang='lat' dir='ltr'>admodum</span> <span class='ocrx_word' id='word_1_206' title='bbox 1592 3197 1861 3264; x_wconf 91' lang='lat' dir='ltr'>restant,</span> <span class='ocrx_word' id='word_1_207' title='bbox 1904 3188 2019 3249; x_wconf 90' lang='lat' dir='ltr'>sed</span> <span class='ocrx_word' id='word_1_208' title='bbox 2064 3207 2211 3250; x_wconf 93' lang='lat' dir='ltr'>cum</span> <span class='ocrx_word' id='word_1_209' title='bbox 2251 3199 2470 3252; x_wconf 90' lang='lat' dir='ltr'>vestra</span> 
     </span>
     <span class='ocr_line' id='line_1_28' title="bbox 381 3275 2471 3378; baseline 0.003 -26"><span class='ocrx_word' id='word_1_210' title='bbox 381 3275 577 3353; x_wconf 89' lang='lat' dir='ltr'>etiam</span> <span class='ocrx_word' id='word_1_211' title='bbox 625 3300 843 3353; x_wconf 88' lang='lat' dir='ltr'>aetate</span> <span class='ocrx_word' id='word_1_212' title='bbox 890 3299 1089 3372; x_wconf 93' lang='lat' dir='ltr'>atque</span> <span class='ocrx_word' id='word_1_213' title='bbox 1132 3290 1486 3370; x_wconf 90' lang='lat' dir='ltr'>vobiscum,</span> <span class='ocrx_word' id='word_1_214' title='bbox 1540 3293 1875 3377; x_wconf 92' lang='lat' dir='ltr'>habeoque</span> <span class='ocrx_word' id='word_1_215' title='bbox 1924 3296 2250 3359; x_wconf 90' lang='lat' dir='ltr'>senectuti</span> <span class='ocrx_word' id='word_1_216' title='bbox 2296 3317 2471 3378; x_wconf 90' lang='lat' dir='ltr'>mag-</span> 
     </span>
     <span class='ocr_line' id='line_1_29' title="bbox 382 3398 2473 3520; baseline 0.003 -61"><span class='ocrx_word' id='word_1_217' title='bbox 382 3417 532 3459; x_wconf 93' lang='lat' dir='ltr'>nam</span> <span class='ocrx_word' id='word_1_218' title='bbox 570 3398 864 3480; x_wconf 89' lang='lat' dir='ltr'>gratiam,</span> <span class='ocrx_word' id='word_1_219' title='bbox 901 3419 1067 3481; x_wconf 90' lang='lat' dir='ltr'>quae</span> <span class='ocrx_word' id='word_1_220' title='bbox 1106 3399 1264 3462; x_wconf 90' lang='lat' dir='ltr'>mihi</span> <span class='ocrx_word' id='word_1_221' title='bbox 1215 3402 1619 3520; x_wconf 40' lang='lat' dir='ltr'>Msergnonis</span> <span class='ocrx_word' id='word_1_222' title='bbox 1658 3403 2033 3467; x_wconf 90' lang='lat' dir='ltr'>aviditatem</span> <span class='ocrx_word' id='word_1_223' title='bbox 2072 3405 2267 3483; x_wconf 89' lang='lat' dir='ltr'>auxit,</span> <span class='ocrx_word' id='word_1_224' title='bbox 2310 3405 2473 3487; x_wconf 90' lang='lat' dir='ltr'>poti-</span> 
     </span>
    </p>
   </div>
   <div class='ocr_carea' id='block_1_3' title="bbox 381 3465 2651 3620">
    <p class='ocr_par' dir='ltr' id='par_1_4' title="bbox 381 3465 2651 3620">
     <span class='ocr_line' id='line_1_30' title="bbox 381 3465 2651 3620; baseline 0.004 -53"><span class='ocrx_word' id='word_1_225' title='bbox 381 3506 522 3568; x_wconf 93' lang='lat' dir='ltr'>onis</span> <span class='ocrx_word' id='word_1_226' title='bbox 554 3515 621 3568; x_wconf 93' lang='lat' dir='ltr'>et</span> <span class='ocrx_word' id='word_1_227' title='bbox 656 3505 776 3568; x_wconf 90' lang='lat' dir='ltr'>cibi</span> <span class='ocrx_word' id='word_1_228' title='bbox 819 3506 1141 3606; x_wconf 86' lang='lat' dir='ltr'>sustulit.</span> <span class='ocrx_word' id='word_1_229' title='bbox 1155 3465 1364 3607; x_wconf 88' lang='lat' dir='ltr'>Quod</span> <span class='ocrx_word' id='word_1_230' title='bbox 1399 3509 1456 3570; x_wconf 94' lang='lat' dir='ltr'>si</span> <span class='ocrx_word' id='word_1_231' title='bbox 1487 3529 1680 3590; x_wconf 92' lang='lat' dir='ltr'>quem</span> <span class='ocrx_word' id='word_1_232' title='bbox 1719 3511 1916 3574; x_wconf 93' lang='lat' dir='ltr'>etiam</span> <span class='ocrx_word' id='word_1_233' title='bbox 1957 3512 2083 3574; x_wconf 92' lang='lat' dir='ltr'>ista</span> <span class='ocrx_word' id='word_1_234' title='bbox 2119 3513 2466 3620; x_wconf 83' lang='lat' dir='ltr'>delectant,</span> <span class='ocrx_word' id='word_1_235' title='bbox 2500 3508 2651 3578; x_wconf 63' lang='lat' dir='ltr'>ts</span> 
     </span>
    </p>
   </div>
   <div class='ocr_carea' id='block_1_4' title="bbox 379 3577 2572 3701">
    <p class='ocr_par' dir='ltr' id='par_1_5' title="bbox 379 3577 2572 3701">
     <span class='ocr_line' id='line_1_31' title="bbox 379 3577 2572 3701; baseline 0.002 -26"><span class='ocrx_word' id='word_1_236' title='bbox 379 3633 463 3676; x_wconf 92' lang='lat' dir='ltr'>ne</span> <span class='ocrx_word' id='word_1_237' title='bbox 513 3615 778 3677; x_wconf 93' lang='lat' dir='ltr'>omnino</span> <span class='ocrx_word' id='word_1_238' title='bbox 829 3577 1083 3677; x_wconf 87' lang='lat' dir='ltr'>bellum</span> <span class='ocrx_word' id='word_1_239' title='bbox 1105 3597 1431 3678; x_wconf 83' lang='lat' dir='ltr'>indixisse</span> <span class='ocrx_word' id='word_1_240' title='bbox 1458 3589 1700 3680; x_wconf 44' lang='lat' dir='ltr'>ssidear</span> <span class='ocrx_word' id='word_1_241' title='bbox 1748 3619 2084 3701; x_wconf 88' lang='lat' dir='ltr'>voluptati,</span> <span class='ocrx_word' id='word_1_242' title='bbox 2135 3621 2319 3683; x_wconf 91' lang='lat' dir='ltr'>cuius</span> <span class='ocrx_word' id='word_1_243' title='bbox 2368 3628 2470 3682; x_wconf 92' lang='lat' dir='ltr'>est</span> <span class='ocrx_word' id='word_1_244' title='bbox 2506 3629 2572 3696; x_wconf 91' lang='lat'>30</span> 
     </span>
    </p>
   </div>
   <div class='ocr_carea' id='block_1_5' title="bbox 379 3721 2471 3809">
    <p class='ocr_par' dir='ltr' id='par_1_6' title="bbox 379 3721 2471 3809">
     <span class='ocr_line' id='line_1_32' title="bbox 379 3721 2471 3809; baseline 0.002 -25"><span class='ocrx_word' id='word_1_245' title='bbox 379 3721 660 3785; x_wconf 81' lang='lat' dir='ltr'>fortasse</span> <span class='ocrx_word' id='word_1_246' title='bbox 715 3723 974 3804; x_wconf 91' lang='lat' dir='ltr'>quidam</span> <span class='ocrx_word' id='word_1_247' title='bbox 1038 3723 1350 3786; x_wconf 89' lang='lat' dir='ltr'>naturalis</span> <span class='ocrx_word' id='word_1_248' title='bbox 1405 3726 1655 3804; x_wconf 85' lang='lat' dir='ltr'>moduS,</span> <span class='ocrx_word' id='word_1_249' title='bbox 1714 3746 1846 3790; x_wconf 91' lang='lat' dir='ltr'>non</span> <span class='ocrx_word' id='word_1_250' title='bbox 1902 3727 2210 3809; x_wconf 90' lang='lat' dir='ltr'>intellego</span> <span class='ocrx_word' id='word_1_251' title='bbox 2266 3746 2349 3789; x_wconf 93' lang='lat' dir='ltr'>ne</span> <span class='ocrx_word' id='word_1_252' title='bbox 2404 3727 2471 3789; x_wconf 91' lang='lat' dir='ltr'>in</span> 
     </span>
    </p>
   </div>
  </div>
 </body>
</html>
