2850 4284
921 811 1113 923 ΟΝ
1182 811 1458 902 OLD
1520 810 1780 900 AGE

772 1023 986 1096 CATO
1045 1024 1315 1094 MAIOR
1369 1045 1468 1092 DE
1519 1023 1975 1094 SENECTUTE

653 1271 702 1323 O
733 1267 877 1335 Tite,
906 1269 954 1324 si
983 1269 1119 1340 quid
1147 1285 1253 1340 ego
1279 1269 1512 1323 adiuero
1540 1285 1800 1323 curamve
1827 1269 2047 1322 levasso

650 1379 792 1432 quae
822 1379 970 1415 nunc
999 1370 1051 1415 te
1080 1361 1274 1430 coquit
1299 1369 1356 1414 et
1379 1369 1568 1414 versat
1594 1362 1650 1413 in
1676 1369 1900 1430 pectore
1928 1360 2055 1426 fixa,

649 1453 852 1523 ecquid
880 1453 985 1506 erit
1008 1453 1260 1538 praemi?

317 1580 505 1643 Licet
539 1580 710 1643 enim
743 1580 902 1642 mihi
925 1579 1222 1642 versibus
1255 1579 1499 1642 eisdem
1532 1579 1740 1642 adfari
1772 1588 1859 1658 te,
1887 1578 2133 1658 Attice,
2162 1578 2397 1662 quibus

310 1687 570 1776 adfatur
605 1688 1044 1751 Flamininum
2468 1717 2496 1771 5

654 1827 751 1881 Ille
777 1827 863 1879 vir
887 1826 1041 1880 haud
1068 1843 1275 1898 magna
1302 1843 1431 1881 cum
1457 1843 1532 1894 re,
1560 1826 1660 1880 sed
1687 1826 1885 1896 plenus
1911 1826 2060 1881 fidei.

315 1953 726 2037 Quamquam
760 1963 942 2017 certo
974 1954 1127 2032 sci0,
1164 1973 1314 2032 non,
1351 1963 1424 2016 ut
1462 1953 1915 2032 Flamininum,

651 2091 951 2148 Sollicitari
982 2101 1052 2159 te,
1083 2092 1229 2158 Tite,
1258 2093 1340 2147 sic
1368 2093 1663 2162 noctisque
1691 2093 1956 2162 diesque3

311 2219 460 2282 novi
498 2219 672 2283 enim
710 2219 1222 2283 moderationem
1262 2219 1462 2282 animi
1500 2219 1596 2282 tui
1634 2229 1700 2282 et
1742 2220 2157 2302 aequitatem,
2201 2230 2395 2303 teque

310 2347 442 2390 non
490 2347 855 2410 cognomen
904 2328 1113 2391 solum
1159 2327 1447 2390 Athenis
1492 2328 1892 2409 deportasse,
1945 2328 2060 2390 sed
2108 2327 2399 2390 humani-
2437 2354 2497 2389 10

309 2444 514 2498 tatem
566 2445 634 2498 et
684 2435 1096 2517 prudentiam
1147 2435 1477 2518 intellego,
1560 2436 1649 2498 Et
1705 2446 1926 2498 tamen
1981 2443 2049 2498 te
2105 2435 2395 2517 suspicor

305 2542 552 2607 eisdem
595 2545 794 2609 rebus
833 2546 1068 2628 quibus
1113 2567 1220 2611 me
1264 2546 1481 2628 ipsum
1524 2545 1854 2609 interdum
1912 2543 2173 2625 gravius
2229 2563 2398 2607 com-

307 2651 570 2729 moveri,
613 2672 884 2734 quarum
925 2652 1284 2715 consolatio
1322 2663 1388 2715 et
1427 2652 1633 2715 maior
1671 2660 1773 2715 est
1813 2661 1880 2715 et
1919 2652 1987 2714 in
2024 2652 2196 2714 aliud
2236 2663 2399 2716 tem-

305 2779 430 2841 pus
460 2759 844 2823 differenda.
903 2760 968 2822 N
973 2780 1100 2823 unc
1131 2769 1352 2824 autem
1377 2760 1587 2823 visum
1622 2770 1724 2823 est
1756 2760 1913 2822 mihi
1938 2760 2021 2823 de
2054 2771 2395 2825 senectute

305 2868 543 2950 aliquid
582 2868 662 2930 ad
702 2879 770 2932 te
809 2869 1238 2932 conscribere.
1312 2877 1369 2934 2.
1409 2869 1558 2932 Hoc
1591 2869 1762 2932 enim
1805 2887 2001 2931 onere
2035 2870 2207 2952 quod
2237 2870 2397 2932 mihi
2436 2894 2494 2946 15

305 2994 650 3039 commune
694 2985 912 3040 tecum
957 2987 1078 3055 est,
1124 2987 1238 3040 aut
1280 2978 1405 3040 iam
1452 2977 1747 3059 urgentis
1788 2986 1903 3039 aut
1947 2987 2126 3040 certe
2163 2978 2397 3064 adven-

305 3085 507 3148 tantis
547 3087 954 3197 senectutis,
966 3095 1033 3149 et
1073 3097 1140 3150 te
1180 3097 1247 3150 et
1287 3107 1392 3150 me
1436 3086 1649 3169 ipsum
1693 3086 1891 3149 levari
1929 3086 2116 3165 volo;
2158 3087 2285 3149 etsi
2327 3097 2395 3150 te

305 3192 565 3273 quidem
609 3193 673 3256 id
716 3177 968 3257 modice
1010 3215 1085 3257 ac
1131 3194 1479 3277 sapienter,
1523 3195 1691 3258 sicut
1732 3194 1967 3272 omnia,
2010 3203 2078 3256 et
2116 3193 2288 3257 ferre
2326 3203 2393 3257 et

305 3299 585 3364 laturum
636 3321 782 3365 esse
834 3311 1015 3365 certo
1066 3303 1220 3366 sci0.
1305 3303 1439 3367 Sed
1489 3303 1665 3381 mihi,
1719 3322 1869 3365 cum
1919 3302 2001 3364 de
2054 3311 2393 3366 senectute

303 3408 535 3471 vellem
572 3409 810 3492 aliquid
851 3411 1151 3489 scribere,
1187 3421 1261 3473 tu
1299 3411 1685 3475 occurrebas
1727 3411 1967 3493 dignus
2005 3429 2086 3474 eo
2122 3430 2392 3498 munere
2430 3437 2493 3471 20

304 3535 431 3598 quo
463 3511 736 3599 uterque
769 3528 1066 3581 nostrum
1101 3521 1532 3582 communiter
1565 3529 1880 3582 uteretur.
1940 3518 2107 3580 Mihi
2132 3499 2392 3602 q‘uidem

302 3623 393 3686 ita
424 3624 702 3699 iucunda
731 3625 925 3689 huius
958 3627 1104 3690 libri
1136 3628 1462 3691 confectio
1499 3628 1643 3706 fuit,
1680 3637 1752 3690 ut
1793 3647 1926 3690 non
1958 3628 2151 3690 modo
2181 3626 2391 3690 omnis

299 3705 681 3795 absterserit
702 3735 1061 3798 senectutis
1081 3735 1434 3814 molestiaS,
1459 3735 1573 3798 sed
1595 3735 1893 3798 effecerit
1912 3733 2175 3798 mollem
2196 3735 2391 3797 etiam

1336 3856 1356 3891 1
