2850 4284
434 320 471 370 2
1215 305 1327 364 ΟΝ
1377 306 1537 364 OLD
1580 307 1747 364 AGE
2192 310 2355 382 [CA-r.
2381 312 2518 369 MAI.

430 483 499 537 et
536 474 881 537 iucundam
921 482 1351 536 senectutem.
1427 472 1804 555 Numquam
1844 474 2042 556 igitur
2075 475 2322 539 laudari
2359 478 2519 540 satis

429 582 628 664 digne
675 581 1082 663 philosophia
1127 581 1387 662 poterit,
1439 581 1544 643 cui
1586 581 1696 663 qui
1744 592 1968 663 pareat
2016 603 2209 647 omne
2257 594 2519 667 tempus

430 691 665 753 aetatis
705 690 846 753 sine
884 690 1182 752 molestia
1219 689 1427 771 possit
1468 689 1728 771 degere.

523 807 580 862 3.
633 797 765 862 Sed
797 799 880 861 de
919 797 1154 860 ceteris
1193 807 1261 860 et
1293 797 1572 861 diximus
1603 799 1827 877 multa,
1864 809 1932 862 et
1964 820 2159 883 saepe
2189 801 2517 866 dicemus:

368 921 396 974 5
431 909 605 974 hunc
637 907 872 970 librum
904 907 985 969 ad
1019 917 1086 969 te
1116 907 1198 969 de
1224 916 1566 970 senectute
1598 907 1911 971 misimus,
1982 909 2265 972 Omnem
2296 919 2517 973 autem

432 1036 800 1080 sermonem
854 1015 1199 1079 tribuimus
1256 1037 1390 1078 non
1441 1015 1746 1095 Tithon0,
1800 1026 1874 1080 ut
1926 1017 2157 1080 Aristo
2208 1018 2401 1097 CeuS,
2427 1059 2521 1067 —

433 1145 660 1207 parum
693 1125 866 1188 enim
901 1135 1076 1187 esset
1107 1124 1515 1188 auctoritatis
1547 1125 1613 1187 in
1645 1125 1882 1204 fabula,
1906 1165 1997 1175 -—
2018 1127 2132 1189 sed
2161 1127 2253 1190 M.
2285 1127 2519 1191 Catoni

434 1234 592 1312 seni,
647 1254 777 1317 quo
825 1234 1135 1296 maiorem
1187 1234 1640 1297 auctoritatem
1694 1234 1965 1298 haberet
2014 1235 2240 1298 oratio.
2317 1235 2517 1318 Apud

434 1362 625 1424 quem
666 1342 958 1425 Laelium
998 1352 1066 1405 et
1107 1341 1480 1425 Scipionem
1520 1343 1797 1406 facimus
1834 1343 2213 1407 admirantis
2253 1344 2424 1426 quod
2464 1345 2519 1406 is

340 1473 401 1508 ιο
434 1461 569 1513 tam
614 1449 802 1513 facile
847 1460 1255 1514 senectutem
1299 1451 1488 1529 ferat,
1531 1451 1755 1538 eisque
1797 1471 1945 1515 eum
1991 1452 2517 1534 respondentem.

437 1558 569 1641 Qui
608 1559 664 1621 si
701 1559 1015 1622 eruditius
1049 1559 1373 1623 videbitur
1408 1560 1741 1642 disputare
1774 1581 1965 1643 quam
2006 1561 2341 1624 consuevit
2382 1561 2519 1643 ipse

435 1668 502 1730 in
545 1667 679 1730 suis
718 1667 914 1745 libris,
960 1667 1299 1730 attribuito
1343 1668 1578 1731 litteris
1618 1669 1905 1747 GraeciS,
1948 1689 2216 1752 quarum
2262 1678 2520 1732 constat

435 1796 583 1839 eum
635 1776 1117 1858 perstudiosum
1168 1764 1374 1840 fuisse
1425 1777 1492 1838 in
1539 1786 1901 1850 senectute.
1976 1777 2108 1842 Sed
2157 1778 2308 1860 quid
2356 1797 2520 1859 opus

435 1895 537 1948 est
593 1885 824 1966 plura?
914 1885 1054 1947 Iam
1109 1885 1282 1948 enim
1340 1885 1544 1968 ipsius
1600 1886 1869 1950 Catonis
1906 1906 2121 1949 sermo
2175 1877 2521 1968 explicabit

342 2007 401 2059 ι5
436 2003 727 2056 nostram
775 2013 1035 2056 omnem
1082 1993 1165 2056 de
1214 2003 1554 2056 senectute
1604 1994 2018 2057 sententiam.

528 2112 613 2167 II.
661 2110 719 2166 4.
772 2101 1028 2166 Semo.
1102 2101 1314 2184 Saepe
1353 2122 1624 2165 numero
1660 2102 1963 2165 admirari
2003 2102 2180 2165 soleo
2211 2121 2359 2165 cum
2395 2102 2521 2166 hoc

437 2211 514 2274 C.
558 2209 781 2274 Laelio
828 2231 972 2273 cum
1021 2221 1384 2274 ceterarum
1431 2230 1648 2273 rerum
1696 2220 1875 2274 tuam
1925 2209 2372 2289 excellentem,
2426 2211 2519 2274 M.

439 2320 624 2398 Cat0,
674 2320 1163 2402 perfectamque
1220 2320 1626 2402 sapientiam,
1681 2330 1823 2382 tum
1871 2319 1973 2382 vel
2022 2319 2301 2382 maxime
2350 2321 2522 2402 quod

437 2449 785 2510 numquam
810 2428 928 2491 tibi
954 2438 1361 2491 senectutem
1386 2449 1651 2510 gravem
1678 2447 1823 2491 esse
1848 2421 2182 2507 senserim,
2206 2449 2371 2511 quae
2396 2429 2526 2510 ple-

339 2559 402 2594 20
437 2537 653 2619 risque
697 2536 961 2599 senibus
1006 2537 1098 2600 sic
1141 2537 1363 2600 odiosa
1406 2547 1509 2600 est
1554 2547 1626 2600 ut
1671 2558 1836 2601 onus
1881 2558 1952 2600 se
1997 2536 2221 2600 Aetna
2264 2537 2523 2619 gravius

434 2645 654 2707 dicant
689 2645 1033 2709 sustinere.

531 2754 746 2817 CATO.
785 2753 952 2817 Rem
997 2755 1169 2817 haud
1213 2775 1370 2818 sane
1411 2753 1760 2834 difficilem,
1810 2755 2029 2836 Scipio
2065 2765 2134 2818 et
2176 2754 2375 2832 Laeli,
2420 2755 2527 2817 ad-

437 2861 654 2925 mirari
700 2862 1025 2925 videmini.
1086 2862 1343 2944 Quibus
1381 2863 1556 2926 enim
1601 2863 1760 2926 nihil
1800 2872 1903 2926 est
1945 2864 2013 2926 in
2055 2863 2212 2945 ipsis
2254 2863 2395 2944 opis
2441 2862 2523 2924 ad

437 2970 604 3033 bene
636 2970 955 3052 beateque
986 2971 1354 3050 vivendum,
1390 2971 1485 3034 eis
1517 2971 1729 3034 omnis
1760 2982 1941 3034 aetas
1979 2971 2195 3054 gravis
2227 2980 2367 3048 est3
2415 2970 2525 3052 qui

339 3096 402 3149 25
436 3089 657 3142 autem
681 3079 899 3143 omnia
921 3079 1092 3143 bona
1122 3101 1161 3142 a
1193 3100 1264 3143 se
1296 3080 1419 3163 ipsi
1451 3090 1705 3162 petunt,
1735 3081 1828 3143 eis
1855 3080 2013 3144 nihil
2038 3088 2257 3162 potest
2281 3077 2522 3142 malum

343 3241 346 3244 .
437 3188 639 3250 videri
665 3188 836 3271 quod
863 3197 1132 3251 naturae
1157 3189 1517 3252 necessitas
1541 3188 1813 3251 adferat.
1890 3188 2040 3270 Quo
2064 3188 2130 3251 in
2156 3206 2396 3270 genere
2420 3195 2524 3248 est

439 3296 506 3358 in
542 3297 766 3378 primis
805 3306 1129 3389 senectuS,
1177 3317 1370 3379 quam
1409 3307 1483 3360 ut
1521 3297 1963 3379 adipiscantur
2005 3316 2233 3360 omnes
2271 3303 2521 3377 optant,

439 3405 711 3468 eandem
755 3415 1063 3469 accusant
1107 3406 1366 3488 adepti3
1415 3416 1601 3469 tanta
1647 3415 1750 3468 est
1799 3405 2115 3468 stultitiae
2159 3405 2529 3468 inconstan-

440 3514 531 3576 tia
570 3523 766 3597 atque
809 3514 1219 3596 perversitas
1293 3515 1631 3597 Obrepere
1678 3515 1860 3577 aiunt
1907 3534 2047 3577 eam
2098 3514 2288 3577 citius
2330 3531 2525 3595 quam

342 3642 407 3695 30
439 3622 863 3704 putavissent.
951 3623 1255 3701 Primum,
1315 3624 1459 3705 quis
1516 3621 1731 3704 coegit
1787 3642 1901 3686 eos
1954 3623 2193 3686 falsum
2247 3621 2526 3703 putare?

443 3730 576 3814 Qui
623 3731 796 3794 enim
849 3731 1040 3794 citius
1087 3732 1568 3795 adulescentiae
1619 3741 1926 3794 senectus
1970 3751 2161 3814 quam
2211 3729 2526 3814 pueritiae
